2097 3191
225 744 298 791 De
321 744 697 802 amphorarum
731 744 1164 803 inscriptionibus
1188 744 1384 792 Latinis
1410 745 1741 803 quaestiones

867 817 1109 864 selectae.

332 913 367 950 A
397 913 656 963 scriptoribus
687 914 871 951 Romanis
898 912 1087 961 imprimis
1114 914 1358 962 panegyricis
1394 914 1646 963 imperatores
1680 917 1740 951 at—

223 990 299 1025 que
328 975 534 1027 imperium
564 976 828 1014 Romanorum
855 974 1070 1026 praedicari
1109 975 1246 1021 solent,
1286 977 1388 1026 quod
1428 977 1605 1015 omnibus
1642 977 1739 1016 locis

225 1039 355 1077 omnia
383 1040 590 1085 abundent,
621 1041 799 1090 quodque
827 1043 931 1077 terra
958 1038 1131 1088 marique
1159 1052 1304 1078 merces
1332 1040 1393 1078 vel
1421 1053 1465 1078 ex
1493 1040 1737 1091 longinquis-

221 1102 330 1140 simis
359 1102 584 1152 regionibus
622 1116 755 1140 omnes
791 1102 831 1140 in
866 1105 990 1140 terras
1028 1101 1165 1139 advehi
1199 1102 1362 1151 possint.
1417 1102 1548 1153 Atque
1575 1103 1738 1141 Romam

223 1164 432 1215 praecipue
461 1164 591 1203 omnia
619 1166 777 1204 advecta
805 1178 887 1203 esse
916 1165 1052 1203 mirum
1080 1177 1157 1202 non
1176 1166 1246 1209 est,
1277 1178 1362 1203 cum
1389 1164 1429 1203 in
1447 1165 1615 1203 maxima
1642 1166 1737 1204 urbe

223 1228 344 1278 legati
371 1228 432 1266 vel
459 1231 694 1266 mercatores
723 1229 783 1266 vel
810 1226 1004 1278 peregrini
1031 1227 1202 1265 omnium
1229 1228 1429 1266 nationum
1457 1228 1737 1278 regionumque

223 1288 521 1339 versarentur1)‚
562 1290 702 1341 quibus
730 1304 821 1329 suae
858 1291 994 1341 cuique
1032 1289 1181 1340 patriae
1216 1289 1367 1328 fructus
1400 1293 1557 1340 praesto
1594 1294 1734 1335 essent,

220 1355 262 1390 et
279 1352 357 1402 ipsi
378 1353 554 1399 Romani,
585 1353 651 1403 qui
671 1353 805 1392 alienis
825 1367 871 1391 ex
888 1354 1001 1392 terris
1030 1368 1116 1392 cum
1136 1353 1281 1392 divitiis
1309 1356 1348 1391 et
1374 1352 1529 1391 luxuria
1554 1353 1736 1391 notitiam

222 1429 333 1453 usum
378 1416 605 1455 desiderium
647 1416 817 1454 omnium
862 1430 990 1455 rerum
1024 1417 1285 1466 merciumque
1321 1417 1477 1454 domum
1513 1416 1735 1462 attulerant,

221 1492 289 1516 eas
338 1478 477 1528 quovis
522 1479 649 1528 pretio
698 1479 771 1517 sibi
824 1493 1046 1528 comparare
1093 1479 1383 1517 consuevissent
1436 1478 1495 1529 (de
1549 1478 1736 1517 varietate

223 1540 399 1591 gentium
427 1544 543 1590 atque
572 1541 755 1579 mercium
782 1541 888 1579 urbis
917 1542 965 1579 cf.
996 1541 1113 1580 etiam
1133 1541 1256 1591 Apoc.
1296 1541 1417 1587 18,10
1433 1541 1546 1591 sqq.).
1602 1542 1736 1592 Itaque

220 1606 458 1642 mercatores
487 1603 614 1641 Italici
643 1606 758 1653 atque
787 1605 934 1642 externi
960 1605 1100 1643 horrea
1127 1604 1302 1654 Emporii
1320 1603 1437 1642 variis
1465 1604 1655 1642 fructibus
1674 1604 1736 1642 vel

217 1679 267 1704 ex
287 1665 392 1704 Indis
420 1666 518 1716 ipsis
549 1666 677 1704 allatis
697 1666 922 1716 implebant,
951 1667 1007 1704 ita
1034 1670 1078 1705 ut
1096 1666 1289 1705 Iuvenalis
1309 1680 1379 1704 suo
1399 1667 1481 1705 iure
1501 1666 1734 1704 exclamaret

221 1728 310 1776 (sat.
341 1730 401 1775 14,
422 1729 499 1767 275
516 1728 638 1779 sqq.):
668 1729 818 1776 ‘Aspice
838 1732 975 1777 portus
994 1728 1047 1766 Et
1067 1729 1224 1777 plenum
1250 1730 1401 1777 maym's
1418 1728 1588 1766 trabibus
1611 1740 1735 1766 mare:

213 1791 307 1839 plus
344 1791 536 1829 hominum
577 1794 631 1829 est
668 1793 746 1829 iam
775 1790 827 1829 In
857 1792 1002 1841 pelayo.
1031 1793 1148 1829 veniet
1176 1792 1315 1830 classis
1343 1803 1570 1839 quocumque
1598 1793 1736 1830 vocarit

219 1853 315 1901 Spes
342 1853 502 1903 lueri’2).

327 1916 534 1962 Quomodo
558 1921 686 1956 autem
706 1918 976 1956 commercium
995 1918 1213 1956 institutum
1233 1917 1360 1962 fuerit,
1391 1931 1489 1967 quae
1508 1916 1592 1955 viae
1610 1916 1731 1955 ratio-

217 1992 364 2029 nesque
402 1980 497 2025 eius,
542 1980 680 2029 quibus
716 1981 956 2029 temporibus
984 1980 1149 2018 maxime
1176 1980 1361 2024 floruerit,
1394 1993 1518 2029 neque
1546 1993 1592 2017 ex
1619 1979 1730 2017 libris

219 2040 337 2079 Plinii
365 2055 489 2091 neque
518 2055 563 2080 ex
591 2041 731 2080 Edicto
761 2042 993 2081 Diocletiani
1020 2055 1144 2092 neque
1180 2055 1226 2079 ex
1262 2042 1392 2080 codice
1421 2041 1630 2080 Theodosii
1664 2044 1731 2079 aut

219 2103 306 2142 aliis
335 2117 383 2142 ex
413 2105 567 2155 scriptis
597 2104 691 2143 satis
722 2105 885 2144 dilucide
914 2107 1086 2155 apparet,
1126 2118 1212 2143 cum
1251 2104 1398 2154 antiqui
1426 2105 1472 2143 de
1500 2104 1730 2143 commercio

217 2170 258 2204 et
285 2168 505 2205 commercii
534 2169 776 2218 geographia
803 2182 879 2206 non
908 2182 954 2207 ea
986 2182 1072 2206 cum
1109 2181 1202 2206 cura
1238 2168 1470 2211 rettulerint,
1508 2180 1625 2216 quam
1659 2181 1730 2205 nos

216 2229 278 2268 his
312 2230 427 2268 rebus
448 2237 450 2239 ’
469 2230 746 2281 cognoscendis
783 2231 1004 2281 impendere
1033 2231 1213 2269 solemus.
1268 2230 1328 2269 Ex
1370 2230 1548 2269 omnibus
1590 2233 1730 2276 autem,

215 2292 284 2342 qui
332 2293 378 2331 de
421 2293 668 2343 antiquorum
710 2293 939 2333 commercio
981 2292 1257 2344 scripserunt³)
1300 2293 1488 2344 imprimis
1521 2293 1567 2331 Ε.
1605 2292 1731 2344 Speck

216 2354 637 2406 (Handelsgeschichte
666 2357 733 2395 des
763 2355 991 2402 Altertums,
1019 2356 1180 2407 Leipzig
1199 2356 1361 2404 1905l6)
1389 2369 1454 2394 eas
1482 2369 1543 2394 res
1572 2369 1729 2394 accura-

299 2441 329 2481 1)
354 2441 403 2473 cf.
426 2442 526 2474 Mart.
551 2451 604 2482 ep.
632 2442 646 2472 I
672 2441 691 2473 3
716 2441 816 2482 ‘Quae
836 2445 903 2473 tam
920 2442 1060 2482 seposita
1076 2445 1133 2479 est,
1157 2448 1239 2482 Quae
1251 2450 1330 2483 gens
1345 2445 1412 2473 tam
1427 2440 1577 2477 barbara,
1597 2439 1729 2477 Caesar,

213 2493 273 2523 Ex
297 2503 361 2532 qua
387 2498 552 2533 spectator
576 2504 639 2525 non
665 2494 708 2525 sit
728 2495 765 2525 in
786 2494 863 2525 urbe
886 2494 963 2525 tua'.

300 2544 333 2584 2)
357 2544 405 2576 cf.
432 2545 539 2577 Henr.
564 2545 724 2587 Stephan,
748 2545 815 2577 Das
830 2545 1087 2578 Verkehrleben
1099 2545 1146 2577 im
1160 2546 1341 2583 Altertum,
1365 2544 1400 2577 in
1414 2545 1579 2577 Raumers
1604 2544 1737 2577 Histor..

213 2595 464 2628 Taschenbuch
486 2599 514 2629 4.
540 2599 564 2628 F
567 2599 644 2639 olge
668 2599 697 2630 9.
714 2599 831 2639 Jahrg.
858 2599 938 2631 1868
960 2610 992 2639 p.
1010 2599 1070 2630 120
1094 2601 1128 2630 et
1142 2598 1395 2635 Friedlaender,
1419 2598 1728 2638 Sittengeschichte

216 2647 247 2678 II
269 2657 301 2687 p.
326 2647 354 2678 3.
1501 2653 1504 2655 ’

299 2699 330 2740 3)
355 2699 403 2732 cf.
428 2700 544 2742 Voigt‚
573 2702 637 2735 Die
660 2703 755 2735 Rom.
779 2702 1011 2736 Privataltert.
1033 2714 1066 2745 p.
1090 2703 1165 2741 906;
1202 2702 1553 2744 Daremberg-Sagli0‚
1579 2702 1727 2734 Diction.

215 2753 262 2784 ΙΙΙ
286 2752 367 2784 1783
390 2763 415 2783 e.
432 2763 482 2789 v.;
506 2753 698 2792 Bluemuer,
723 2755 785 2787 Die
807 2756 901 2787 Rom.
925 2755 1157 2787 Privataltert.
1179 2766 1211 2797 p.
1235 2756 1306 2787 618.

279 2816 466 2845 Inaug.-Diss.
484 2816 507 2839 R
518 2822 532 2839 e
546 2824 572 2840 m
582 2823 598 2840 a
607 2824 620 2840 r
629 2818 656 2841 k.
1515 2812 1533 2848 1
