2097 3191
923 179 1154 215 -5-

282 286 383 325 inter
410 299 451 324 se
480 284 653 323 conferre
681 283 876 328 constitui,
905 285 949 321 ut
977 282 1122 333 aliquid
1151 283 1197 321 de
1216 282 1366 334 origine
1387 282 1661 331 amphorarum
1688 284 1727 320 et
1755 282 1801 320 de

285 348 505 392 commercii
543 346 760 386 rationibus
802 346 1040 386 extricarem.
1109 346 1240 397 Atque
1281 346 1447 397 primum
1488 345 1641 396 quidem
1683 359 1798 396 quam

283 413 508 464 plenissime
553 410 771 461 colligenda
817 413 925 449 erant
971 414 1086 460 atque
1123 411 1341 449 litterarum
1382 409 1516 448 ordine
1545 408 1794 458 disponenda,

283 475 474 517 adiunctis
502 474 619 513 etiam
647 473 856 525 signaculis
886 488 933 513 ex
953 488 1039 513 aere
1067 474 1207 524 quibus
1236 474 1365 524 sigilla
1384 472 1582 523 amphoris
1601 472 1799 522 imprime·

282 540 434 583 bantur,
472 540 659 587 quantum
698 537 850 587 quidem
888 540 1061 585 exstant;
1095 551 1184 575 nam
1223 551 1308 575 cum
1336 537 1363 575 ii
1400 537 1467 587 qui
1503 538 1800 575 instrumentum

283 600 536 641 domesticum
556 600 646 639 CIL.
676 601 841 639 edebant
867 603 1020 651 partem
1040 603 1192 639 tantum
1220 601 1482 650 exemplorum
1502 604 1658 651 praesto
1678 599 1800 638 habe-

282 668 368 703 rent
395 666 434 702 et
461 663 688 713 plerumque
715 664 895 702 volumen
924 664 1111 702 edendum
1139 677 1225 701 cum
1253 664 1415 714 singulis
1434 664 1693 701 voluminibus
1721 663 1799 700 iam

283 726 395 767 editis
424 726 600 765 conferre
628 726 724 765 satis
751 726 950 772 haberent,
988 726 1103 764 nobis
1130 726 1251 765 totius
1280 725 1461 776 Corporis
1496 726 1796 765 instrumentum

283 790 490 840 diligenter
517 790 835 839 perscrutandum
855 792 947 834 erat,
961 814 964 818 -
979 803 1065 827 cum
1083 789 1298 839 permultae
1317 788 1590 839 inscriptiones
1609 789 1649 826 in
1668 789 1792 826 tribus

284 855 399 903 atque
429 852 523 891 adeo
551 853 591 891 111
609 852 784 903 pluribus
803 851 917 891 terris
947 855 1121 903 repertae
1141 853 1228 898 sint,
1258 855 1300 891 ut
1319 856 1357 890 et
1377 852 1583 891 eorundem
1603 852 1800 903 signorum

283 916 459 965 exempla
478 916 608 953 omnia
627 929 935 965 compararemus
956 919 994 953 et
1013 916 1045 953 si
1070 917 1153 953 fieri
1179 918 1314 965 posset
1340 916 1613 964 amphorarum
1633 915 1801 963 patriam

283 978 567 1029 indagaremus.

389 1040 499 1086 Quod
529 1054 615 1079 cum
642 1041 894 1085 instituerem,
923 1042 962 1078 in
990 1041 1240 1079 difficultates
1267 1041 1386 1079 incidi
1413 1042 1516 1079 haud
1536 1055 1689 1091 parvas.
1738 1042 1798 1080 Ne

285 1104 410 1143 dicam
446 1103 492 1142 de
534 1103 768 1143 obscuritate
807 1103 985 1143 lectionis
1024 1106 1090 1142 aut
1131 1104 1176 1143 de
1221 1103 1461 1143 mutilatione
1489 1105 1693 1144 verborum
1735 1108 1801 1144 aut

242 1170 245 1172 ’
286 1168 390 1218 quod
418 1167 583 1205 maxime
612 1168 784 1205 dolemus
814 1168 859 1204 de
887 1168 1047 1205 raritate
1075 1168 1300 1206 indiciorum
1320 1168 1419 1206 unde
1449 1168 1596 1218 aliquid
1623 1169 1669 1206 de
1697 1172 1797 1206 tem-

282 1244 376 1281 pore
404 1230 699 1280 inscriptionum
719 1230 852 1281 colligi
870 1231 996 1280 possit
1018 1253 1061 1257 —
1086 1231 1279 1281 quomodo
1299 1231 1450 1270 litterae
1479 1231 1795 1281 interpretandae

285 1294 373 1338 sint,
402 1306 479 1331 non
508 1292 602 1330 satis
631 1292 764 1342 liquet.
822 1292 1061 1342 Saepissime
1089 1293 1190 1331 enim
1218 1294 1387 1338 nomina,
1424 1307 1517 1331 num
1546 1294 1679 1331 eadem
1708 1294 1796 1338 sint,

283 1359 446 1407 propter
472 1355 679 1395 varietates
709 1356 907 1395 scribendi
942 1357 1120 1407 pernosci
1152 1370 1230 1395 non
1268 1360 1410 1407 potest.
1467 1356 1565 1395 Tum
1602 1369 1800 1395 servorum

283 1419 450 1464 nomina,
471 1422 554 1457 tum
573 1419 815 1458 dominorum
834 1419 963 1469 priore
982 1420 1069 1458 loco
1089 1419 1220 1469 posita
1239 1420 1417 1457 videntur
1446 1433 1547 1464 esse;
1578 1432 1799 1458 servorum:

285 1481 373 1521 CIL.
404 1479 521 1535 (quod
548 1481 588 1521 in
615 1481 864 1532 sequentibus
892 1482 1083 1531 omittam)
1103 1481 1140 1521 V
1160 1482 1274 1529 8112,
1290 1483 1339 1521 41
1371 1481 1522 1522 Fuscus
1552 1481 1635 1521 Seri
1660 1482 1800 1529 Hilari,

284 1545 321 1583 V
349 1545 463 1591 8112,
480 1545 529 1583 37
559 1544 659 1583 Eros
688 1545 727 1583 C.
757 1545 888 1595 Epidi,
917 1545 991 1584 XV
1018 1560 1056 1595 p.
1085 1546 1125 1584 II
1153 1546 1255 1584 3588
1285 1546 1392 1584 Felix
1421 1546 1462 1584 L.
1486 1545 1618 1585 Rufini
1647 1549 1803 1585 curator

283 1608 402 1646 cellae
430 1608 608 1654 vinariae,
639 1608 712 1646 XV
731 1609 833 1646 3459
864 1608 972 1647 Felix
1000 1608 1114 1654 Pulli,
1144 1609 1180 1647 X
1200 1609 1381 1654 8047,15
1410 1609 1589 1648 Phileros
1608 1610 1660 1648 M.
1682 1609 1797 1648 Fulvi

285 1670 462 1720 ser(vus),
493 1670 588 1709 VIII
615 1670 652 1709 S.
673 1671 733 1709 III
761 1672 903 1716 22637,
920 1671 970 1709 86
1001 1671 1207 1722 Pyrr(h)us
1227 1671 1362 1710 Canidi
1384 1672 1436 1710 M.
1458 1671 1646 1721 s(ervus):
1677 1672 1801 1711 (lomi-

282 1747 442 1772 norum:
482 1733 578 1772 XIII
607 1735 630 1772 3
658 1734 676 1772 Ι
717 1735 856 1780 10002,
871 1735 947 1773 533
990 1735 1026 1784 a)
1055 1735 1176 1774 Uritti
1205 1735 1252 1774 Se
1274 1763 1282 1772 .
1303 1766 1311 1773 .
1335 1765 1342 1773 .
1387 1734 1426 1784 b)
1464 1735 1582 1774 Uritti
1622 1736 1708 1785 Epa
1728 1765 1737 1775 .
1759 1766 1766 1774 .
1790 1765 1798 1774 .

285 1797 320 1845 c)
341 1797 463 1835 Uritti
482 1797 556 1835 Fes
578 1827 586 1834 .
608 1827 615 1835 .
638 1827 645 1834 .
678 1798 716 1844 d)
738 1797 859 1835 Uritti
879 1798 938 1835 Eu
954 1828 962 1835 .
980 1827 988 1835 .
1007 1827 1014 1835 .
1044 1797 1077 1847 f)
1105 1798 1298 1836 1111111Ε1·
1318 1828 1325 1835 .
1349 1824 1358 1833 .
1380 1828 1387 1835 .
1418 1799 1458 1848 g)
1480 1799 1599 1837 Uritti
1620 1798 1698 1836 Pus
1715 1827 1722 1835 .
1742 1828 1749 1835 .
1767 1812 1798 1842 .;

283 1862 419 1898 contra
464 1859 500 1897 V
533 1860 646 1905 8116,
679 1861 730 1899 24
772 1860 816 1906 Q.
855 1860 952 1899 Fabi
994 1861 1188 1899 Hermetis
1231 1860 1487 1911 (signaculum
1532 1874 1576 1899 ex
1618 1860 1734 1909 aere),
1764 1860 1799 1898 V

284 1924 398 1969 8116,
415 1924 464 1961 35
495 1924 533 1962 L.
563 1924 644 1963 Lol.
681 1924 878 1962 Hermetis
920 1923 1081 1974 (signac.
1120 1938 1166 1963 ex
1195 1923 1311 1973 aere),
1349 1924 1422 1962 XV
1458 1925 1558 1962 3877
1596 1925 1638 1962 T.
1670 1924 1798 1962 Cesati

283 1985 491 2032 Hermetis,
521 1986 595 2024 XV
614 1987 717 2024 4705
749 1985 893 2035 (enodi
911 1985 1151 2036 Herm(etis),
1180 1987 1254 2025 XV
1275 1987 1375 2025 4668
1397 1986 1435 2025 G.
1458 1986 1545 2025 Fuf.
1566 1986 1797 2036 Herme(tis)

284 2049 440 2088 nomina
467 2050 591 2099 primo
627 2050 716 2088 loco
759 2049 890 2099 posita
926 2063 1123 2088 servorum
1164 2064 1249 2089 esse
1289 2053 1403 2100 putes
1444 2051 1536 2089 licet
1565 2050 1696 2098 (etiam
1724 2050 1797 2089 XV

284 2112 387 2150 2913
407 2126 429 2149 a
457 2111 638 2150 ‘Hermes’
654 2126 792 2151 nomen
820 2112 963 2150 domini
991 2126 1074 2150 esse
1102 2113 1281 2161 videtur),
1311 2117 1464 2152 etcum
1492 2114 1567 2151 duo
1597 2113 1798 2164 signacula

284 2174 373 2213 CIL.
402 2175 447 2227 V.
468 2175 568 2223 (Ital.
598 2175 701 2225 sup.)
730 2190 775 2213 ex
812 2188 899 2214 aere
928 2176 1015 2221 sint,
1053 2176 1093 2214 in
1131 2176 1244 2214 Italia
1280 2178 1477 2226 superiore
1513 2177 1702 2215 fabricam
1736 2177 1799 2215 vel

286 2237 483 2276 officinam
519 2237 715 2276 Hermetis
749 2238 870 2276 fuisse
910 2239 1076 2288 indeque
1118 2238 1285 2288 reliquas
1328 2239 1534 2288 amphoras
1576 2242 1798 2288 exportatas

285 2313 368 2338 esse
405 2299 500 2339 satis
537 2303 714 2340 constare
753 2300 922 2346 videtum
959 2304 1131 2340 attamen
1167 2314 1255 2340 cum
1296 2300 1336 2340 in
1364 2301 1554 2352 amphora
1582 2300 1654 2340 XV
1696 2301 1798 2340 4705

290 2362 452 2411 ‘((Dlodi
478 2363 677 2402 Hermetis’
708 2364 875 2416 g(arum)
905 2364 1103 2413 seombrfi)
1133 2364 1330 2403 conditum
1366 2367 1479 2410 esset,
1521 2367 1564 2403 ut
1605 2378 1651 2403 ex
1686 2364 1800 2403 titulo
1832 2395 1836 2397 .

284 2425 390 2475 picto
411 2431 582 2476 apparet,
610 2428 712 2467 idem
741 2429 918 2467 dominus
956 2427 1133 2477 intellegi
1168 2442 1246 2466 non
1282 2441 1396 2476 posse
1429 2428 1591 2470 videtur,
1626 2429 1718 2476 quia
1753 2441 1799 2465 ex

285 2487 399 2527 Italia
427 2490 624 2541 superiore
653 2504 789 2543 garum
818 2493 1064 2542 exportatum
1093 2504 1172 2530 non
1200 2493 1270 2530 est.

389 2553 519 2603 Atque
547 2556 641 2593 adeo
669 2568 811 2593 nomen
838 2555 1009 2593 eiusdem
1038 2554 1182 2592 domini
1211 2557 1277 2592 aut
1305 2554 1404 2592 servi
1433 2557 1517 2591 tum
1554 2555 1678 2603 primo
1715 2557 1798 2591 tum

290 2617 454 2654 secundo
482 2617 567 2655 loco
595 2616 767 2667 positum
796 2617 993 2656 videmus:
1020 2616 1056 2655 V
1077 2617 1190 2663 8112,
1209 2618 1257 2656 37
1295 2615 1430 2655 EROS
1448 2633 1456 2641 ·
1474 2616 1501 2655 O
1519 2634 1528 2643 ·
1544 2616 1701 2661 EPIDI,
1743 2616 1799 2654 XI

287 2680 310 2716 2
338 2678 357 2715 I
385 2678 498 2723 6695,
515 2679 565 2716 40
582 2694 604 2717 a
631 2679 766 2718 EROS
783 2697 793 2707 ·
809 2680 837 2718 C
854 2697 863 2705 ·
879 2680 978 2725 EPI,
1008 2680 1076 2718 sed
1103 2679 1178 2717 XV
1206 2680 1307 2718 2801
1338 2679 1366 2717 Ο
1383 2696 1392 2704 ·
1412 2680 1444 2717 Ε
1461 2696 1472 2707 ·
1487 2679 1646 2727 ER(os).

389 2739 551 2779 Accedit
588 2742 799 2792 scripturae
835 2743 1001 2781 varietas
1043 2755 1141 2792 quae
1183 2756 1298 2793 quam
1337 2741 1499 2781 fortuita
1542 2744 1607 2780 aut
1648 2741 1797 2791 legibus
