2097 3191
904 214 1167 251 —20—

273 320 417 358 ximam
458 335 552 359 uvas
589 320 693 358 cadis
735 318 911 357 conditas
947 331 1074 368 gypso
1116 317 1312 355 includere
1353 317 1466 354 dicat.
1523 315 1630 361 Quae
1665 312 1798 363 opinio

280 381 397 421 etiam
417 382 667 432 inscriptione
696 380 771 419 XV
789 380 894 418 4663
922 380 1182 425 confirmatur,
1215 379 1282 417 ubi
1310 379 1348 416 fl?
1370 379 1448 419 MR
1481 391 1681 429 perperam
1718 374 1800 425 legi

276 445 372 484 mihi
399 446 549 484 videtur
575 458 646 495 pro
674 445 737 485 R.
759 444 840 485 Λὲκ
869 444 908 490 (i.
930 457 962 481 e.
993 442 1082 492 Alp.
1105 441 1217 490 Mar.)
1232 441 1273 491 ¹).

382 508 441 546 Ex
469 507 567 546 vinis
599 506 759 546 Gallicis
793 504 1184 554 Baeter(rense)
1222 504 1295 543 XV
1315 505 1418 543 4542
1448 507 1487 543 et
1514 504 1800 551 Baeter(rense)

280 570 441 618 alb(um)
461 571 575 616 4543,
609 570 718 608 cuius
738 570 891 619 generis
912 569 1124 608 auctoritas
1144 570 1247 607 intra
1267 567 1414 606 Gallias
1433 567 1599 605 maxime
1626 565 1802 605 constitit

278 633 342 681 (N.
362 633 412 671 H.
433 632 523 671 XIV
541 632 620 682 68),
650 633 798 672 Romae
827 646 978 683 quoque
1006 633 1046 670 in
1067 631 1267 682 amphoris
1296 631 1476 670 occurrit.
1518 630 1683 680 Reliqua
1701 628 1802 668 enim

284 709 436 746 genera,
466 695 688 733 Viennense
725 698 764 733 et
791 695 1043 739 Massiliense,
1082 708 1169 733 cum
1206 697 1244 733 et
1281 694 1389 732 fumo
1426 697 1464 731 et
1503 693 1634 731 herbis
1675 691 1802 730 noxiis

278 757 341 806 (N.
363 757 412 795 H.
443 757 538 796 XIV
557 756 623 806 68)
652 761 692 796 et
718 757 805 808 pice
843 756 910 806 (N.
940 758 990 796 H.
1020 757 1112 796 XIV
1143 756 1208 806 67)
1246 758 1593 807 corrumperentur,
1623 756 1663 793 in
1689 754 1804 793 Italia

280 820 550 870 acceptissima
583 834 662 858 non
692 824 803 858 erant
838 820 954 867 (Plin.
997 821 1021 858 l.
1055 834 1085 858 c.
1125 824 1163 858 et
1190 820 1305 858 Mart.
1334 819 1430 858 XIII
1465 820 1551 858 123.
1589 818 1624 856 X
1652 818 1702 856 36
1718 830 1800 867 sqq.

276 881 370 920 XIV
391 881 482 930 118)
512 886 550 921 et
577 883 805 933 plerumque
835 897 968 921 amore
996 884 1124 932 patrio
1146 897 1168 920 a
1188 883 1308 921 Celtis
1328 883 1647 932 permutabantur
1666 880 1730 930 (N.
1752 879 1803 917 H.

274 944 367 984 XIV
389 945 468 993 57).
514 944 701 984 Attamen
731 946 847 984 etiam
881 946 943 984 his
971 947 1010 984 in
1046 946 1272 996 regionibus
1302 947 1390 983 vina
1418 945 1552 983 Italiae
1584 945 1728 982 maiore
1766 944 1805 981 in

276 1008 509 1046 auctoritate
538 1007 661 1047 fuisse
688 1008 878 1053 videntur,
908 1022 994 1047 cum
1021 1009 1061 1046 in
1088 1007 1230 1058 poculo
1254 1007 1409 1058 Vosego
1437 1008 1477 1046 in
1496 1009 1628 1046 monte
1646 1010 1802 1057 reperto

283 1071 379 1109 XIII
409 1072 548 1115 10018,
568 1072 642 1109 135
672 1071 839 1119 (Dessau
868 1072 969 1110 8609
986 1073 1027 1121 g)
1058 1074 1179 1118 ‘parce
1199 1071 1383 1117 picatum,
1411 1070 1460 1106 da
1480 1069 1704 1114 Amineum',
1734 1083 1806 1119 pro

285 1146 425 1184 genere
452 1133 584 1184 picato
613 1134 765 1173 Galliae
792 1134 972 1173 Italicum
999 1136 1042 1172 ut
1071 1133 1222 1172 videtur
1250 1133 1381 1172 vinum
1408 1132 1639 1184 postuletur.

386 1197 432 1234 In
452 1197 645 1246 Hispania
663 1197 796 1236 Laur
809 1201 848 1242 (ο
861 1213 885 1235 n
899 1212 918 1235 e
931 1212 955 1235 n
970 1197 1034 1245 se)
1053 1197 1195 1245 vet(us)
1218 1197 1291 1233 XV
1310 1196 1572 1234 4577—-4579
1592 1199 1631 1233 et
1645 1196 1703 1233 IV
1716 1210 1754 1244 p.
1771 1196 1809 1232 II

279 1259 394 1304 5558,
433 1260 536 1308 quod
578 1259 773 1310 elegantia
811 1259 1101 1305 nobilitabatur,
1142 1258 1293 1296 ‘Italiae
1328 1259 1480 1306 primis'
1524 1258 1708 1297 collatum
1750 1260 1809 1297 est

282 1321 402 1370 (Plin.
430 1321 480 1360 N.
501 1322 551 1360 H.
582 1322 676 1360 XIV
698 1322 777 1371 68).
834 1323 879 1360 In
908 1323 1031 1361 altera
1059 1323 1159 1361 enim
1190 1322 1379 1371 amphora
1407 1321 1646 1370 Pompeiana
1673 1321 1806 1370 legen-

284 1385 374 1422 dum
403 1397 487 1422 esse
506 1386 602 1433 puto
629 1399 707 1423 non
726 1383 1031 1433 Laur(entinum)
1062 1384 1161 1422 sicut
1179 1384 1308 1422 Brizio
1329 1384 1573 1433 opinabatur,
1604 1383 1671 1422 sed
1690 1383 1810 1421 Laur-

282 1446 456 1496 (onense)
487 1461 574 1485 cum
602 1447 682 1486 vini
700 1447 923 1487 Laurentini
950 1448 1058 1486 nulla
1085 1448 1155 1485 fiat
1174 1448 1339 1491 mentio;
1368 1447 1501 1485 vinum
1529 1449 1657 1485 autem
1687 1446 1809 1496 signi-

289 1510 398 1548 ficari
425 1509 633 1548 verisimile
662 1513 732 1556 est,
763 1524 849 1548 cum
879 1510 1032 1560 signum
1061 1510 1137 1548 IIII
1167 1509 1234 1557 (sc.
1266 1508 1468 1557 annorum)
1498 1509 1734 1559 adscriptum
1760 1508 1811 1547 sit

289 1571 352 1620 (de
382 1572 460 1610 situ
490 1571 574 1622 agri
603 1571 860 1611 Lauronensis
889 1573 937 1610 cf.
968 1572 1153 1611 Huebner
1180 1572 1218 1610 II
1253 1586 1289 1622 p.
1322 1570 1427 1620 482).
1484 1571 1716 1610 Gaditanum
1738 1571 1810 1609 XV

289 1635 404 1679 4570,
435 1635 539 1684 quod
566 1633 776 1673 Bluemner
803 1633 929 1683 (Rom.
959 1635 1319 1673 Privataltertfimer
1346 1649 1383 1684 p.
1413 1635 1490 1673 200
1520 1635 1606 1673 adn.
1639 1634 1702 1683 14)
1733 1634 1812 1672 vini

287 1700 421 1735 notam
443 1710 526 1736 esse
546 1699 674 1746 putat,
706 1697 798 1746 quid
817 1698 879 1742 sit,
910 1697 949 1735 in
969 1697 1107 1746 capite,
1138 1698 1240 1746 quod
1261 1701 1319 1735 est
1338 1698 1384 1735 de
1404 1711 1510 1748 garo,
1541 1697 1811 1748 explicabitur.

395 1759 598 1797 Graeca
638 1759 727 1797 vina
753 1759 802 1797 iis
830 1759 1069 1809 temporibus
1098 1773 1260 1808 quorum
1291 1760 1498 1809 amphorae
1536 1763 1699 1805 exstant,
1736 1775 1814 1799 non

283 1822 360 1860 iam
389 1824 500 1859 tanta
537 1820 770 1859 auctoritate
807 1822 909 1871 apud
937 1821 1135 1859 Romanos
1173 1821 1304 1865 fuisse,
1350 1824 1494 1870 quanta
1521 1821 1653 1860 Plauti
1687 1826 1815 1861 aetate

285 1882 408 1922 videri
435 1883 600 1933 possint,
630 1883 709 1921 iam
738 1897 855 1933 supra
884 1883 1287 1929 commemoravimus3
1316 1897 1512 1933 perpauca
1541 1885 1641 1923 enim
1673 1898 1816 1935 genera

285 1946 327 1984 in
362 1946 560 1996 amphoris
598 1946 795 1996 leguntur.
853 1946 997 1983 Vinum
1034 1947 1134 1995 quod
1177 1946 1272 1984 Cato
1314 1949 1352 1984 et
1384 1947 1529 1996 posteri
1563 1947 1816 1986 imitabantur

287 2008 410 2047 Coum
439 2010 540 2052 erat3
571 2006 732 2046 Coum
761 2008 898 2057 vet(u
911 2008 944 2058 s)
973 2009 1031 2047 IV
1058 2023 1095 2059 p.
1126 2009 1163 2047 II
1191 2009 1297 2048 5536
1331 2009 1487 2061 legitur.
1544 2009 1606 2049 Ad
1635 2009 1693 2049 IV
1719 2025 1757 2061 p.
1778 2010 1817 2049 II

288 2072 391 2109 5590
420 2070 549 2118 Leuc(.
568 2101 575 2108 .
594 2071 697 2119 .)vet.
757 2072 847 2110 Mau
894 2073 1055 2111 adnotat
1097 2073 1175 2110 vini
1210 2072 1288 2110 albi
1316 2073 1457 2111 veteris
1492 2087 1633 2112 nomen
1660 2074 1817 2123 plenum

289 2134 393 2184 quod
422 2134 541 2171 fuerit
569 2147 646 2172 non
674 2134 834 2184 liquere.
884 2135 1056 2174 Primum
1093 2136 1138 2173 de
1168 2135 1256 2174 vino
1285 2135 1475 2174 Leucadio
1504 2135 1686 2187 cogitavi,
1716 2138 1819 2187 quod

290 2211 312 2234 a
340 2195 468 2234 Plinio
499 2195 564 2243 (N.
586 2196 636 2234 H.
658 2196 750 2235 XIV
772 2197 850 2245 76),
882 2212 904 2236 a
922 2198 1064 2236 Plauto
1094 2198 1214 2236 Poen.
1245 2199 1332 2242 699,
1363 2200 1411 2236 ab
1440 2197 1582 2237 Athen.
1612 2199 1631 2237 I
1658 2213 1696 2248 p.
1717 2201 1767 2238 29
1783 2213 1820 2242 a,

290 2259 378 2296 3310
421 2262 755 2302 commemoratur,
795 2261 861 2299 sed
899 2260 1158 2298 ‘Leucocoum'
1196 2260 1407 2310 significari
1447 2261 1615 2300 fortasse
1646 2261 1727 2301 veri
1762 2266 1820 2301 est

292 2321 468 2366 similius,
498 2334 550 2358 sc.
581 2320 705 2359 Coum
734 2336 835 2371 aqua
862 2324 1010 2361 marina
1033 2324 1208 2367 mixtum,
1239 2324 1342 2371 quod
1376 2323 1615 2360 ‘translatum
1632 2325 1673 2360 in
1692 2324 1820 2361 album

295 2375 462 2421 masmim
493 2382 715 2421 leucocoum’
746 2385 1017 2435 appellabatur
1055 2385 1118 2434 (N.
1145 2385 1194 2424 Η.
1221 2385 1316 2424 XIV
1337 2384 1414 2434 78).
1468 2385 1586 2435 Apud
1613 2386 1820 2426 Horatium

292 2446 378 2496 (sat.
409 2446 447 2484 ΙΙ
483 2447 520 2492 4,
540 2445 607 2495 29)
638 2447 761 2486 herba
791 2448 956 2497 quadam
992 2449 1070 2486 ‘sed
1105 2448 1190 2486 albo
1229 2461 1304 2486 now
1346 2450 1426 2486 sine
1456 2447 1540 2485 Coo'
1579 2449 1686 2487 alvus
1725 2450 1821 2488 dura

291 2510 456 2546 laxatur.
514 2509 626 2554 Quod
656 2522 782 2560 genus
814 2509 1003 2548 Leucocoi
1040 2524 1062 2548 a
1091 2512 1278 2550 Romanis
1314 2511 1414 2549 tanti
1451 2510 1739 2558 aestimabatur,
1778 2515 1822 2550 ut

292 2571 371 2610 iam
400 2570 496 2610 Cato
525 2570 657 2610 ‘Coum
700 2573 831 2609 vinum
868 2584 913 2610 ex
943 2571 1078 2610 Italico
1114 2573 1280 2620 faciendi
1306 2574 1500 2611 rationem’
1539 2575 1821 2613 demonstraret

379 2664 409 2701 1)
431 2664 481 2696 De
503 2664 583 2696 vino
607 2664 680 2697 eius
707 2664 860 2707 regionis
892 2664 935 2698 cf.
959 2664 1063 2697 etiam
1090 2665 1214 2698 Strabo
1240 2665 1287 2698 IV
1310 2667 1338 2704 6,
1353 2667 1388 2704 2;
1419 2666 1506 2700 Plin.
1529 2666 1569 2701 N.
1591 2667 1631 2699 H.
1654 2666 1733 2699 XIV
1750 2667 1821 2699 125.

295 2716 370 2753 132;
394 2717 436 2748 de
458 2716 659 2750 viticultura
675 2717 839 2759 Ligurum
855 2718 954 2750 Mart.
973 2718 1081 2757 11182,
1095 2719 1154 2757 223
1171 2719 1214 2750 cf.
1235 2719 1357 2760 Speck,
1373 2719 1642 2761 Handelsgesch.
1658 2719 1821 2751 d.Altert.

294 2768 345 2800 31
368 2770 386 2807 g
410 2769 472 2800 672
493 2780 526 2809 p.
550 2769 621 2801 367.
