2097 3191
919 211 1180 248 -21-

297 315 416 366 (apud
443 313 543 352 Plin.
572 312 622 352 N.
643 313 692 351 H.
716 312 808 351 XIV
828 313 906 360 79).
951 312 1097 352 Vinum
1124 327 1256 364 porro,
1286 314 1389 364 quod
1419 314 1607 364 amphora
1632 314 1689 353 IV
1708 313 1809 352 2565

299 377 430 415 ‘Coum
459 375 570 414 Gran
589 382 601 421 Η
620 375 668 423 of.
692 381 704 416 ΙΙ
725 375 869 414 Romae
895 374 1098 414 ALERIO
1124 375 1334 415 FELIC'I'
1365 377 1646 424 continebatur,
1688 376 1810 417 Coum

299 442 444 479 dictum
473 453 556 479 esse
583 443 691 490 puto,
721 453 797 478 non
825 440 928 490 quod
956 439 1036 479 Coo
1066 453 1111 478 ex
1139 439 1268 479 insula
1285 444 1453 487 venerat,
1484 442 1551 480 sed
1571 441 1676 492 quod
1696 440 1812 479 variis

300 503 554 542 condimentis
572 503 630 541 illi
649 503 772 541 simile
791 504 981 542 redditum
1001 506 1100 549 erat;
1128 516 1254 553 neque
1274 504 1374 542 enim
1393 505 1438 543 de
1457 505 1578 544 fundo
1600 503 1809 550 firmiano,

302 567 401 604 sicut
428 566 554 605 editor
580 566 856 616 interpretatus
885 569 956 612 est,
986 567 1052 605 sed
1078 569 1122 604 ut
1148 565 1280 604 vinum
1312 567 1510 606 facticium
1547 581 1594 606 ex
1622 566 1812 616 offficina)

297 628 443 679 prodiit
470 629 535 675 (cf
562 643 680 679 supra
712 629 811 668 Plin.
843 629 939 667 XIV
959 630 1007 667 79
1039 632 1077 667 et
1102 628 1198 667 Cato
1217 644 1246 667 r.
1273 644 1301 668 r.
1339 629 1443 668 CXII
1473 632 1602 667 vinum
1636 629 1754 668 Coum
1777 631 1814 667 si

297 691 395 729 voles
422 691 553 738 facere,
583 691 891 739 quemadmodum
917 691 1083 738 facias’.)
1124 691 1249 736 Quare
1276 692 1578 743 intellegendum
1606 706 1688 731 esse
1716 692 1812 731 mihi

300 754 453 793 videtur
480 754 602 793 Coum
637 755 768 793 vinum
804 754 1000 805 facticium
1037 767 1084 793 ex
1120 754 1277 793 officina
1313 755 1432 793 Grani
1468 755 1548 795 sive
1576 755 1814 795 Granianum

297 817 321 855 i.
345 830 376 855 e.
408 817 616 855 secundum
633 820 843 868 praecepta
864 803 982 856 Grani
1011 817 1155 856 factum
1167 815 1210 865 ¹).
1250 816 1367 855 Cuius
1395 817 1451 855 rei
1470 818 1646 868 exempla
1673 818 1815 856 similia

298 880 337 918 in
367 880 492 930 capite
521 881 566 918 de
602 893 697 931 garo
737 880 840 918 infra
876 880 1134 930 proferentur.
1191 880 1248 918 IV
1272 881 1375 918 5540
1413 879 1543 918 ‘Coum
1570 879 1813 917 ARNDVA

299 943 376 979 lect.
405 942 453 979 ab
482 942 676 979 Nicandro
695 942 893 979 Dorotheo'
923 943 1013 992 quid
1043 944 1101 981 sid
1129 944 1268 980 nescio.
1308 943 1371 980 An
1398 957 1472 980 vox
1493 943 1662 979 ‘arundo'
1689 944 1813 980 latet?

300 1006 408 1045 cuius
437 1019 558 1056 genus
586 1005 777 1056 quoddam
806 1008 844 1044 et
872 1005 974 1056 apud
1002 1005 1172 1045 medicos
1201 1005 1298 1055 (Gal.
1325 1005 1400 1044 XII
1420 1004 1510 1054 857)
1541 1008 1579 1045 et
1607 1006 1655 1044 ad
1683 1006 1813 1044 vinum

298 1068 497 1107 facticium
535 1069 811 1106 conficiendum
847 1069 887 1106 in
923 1082 995 1106 usu
1032 1071 1114 1106 erat
1141 1068 1256 1114 (Plin.
1291 1068 1340 1106 N.
1371 1068 1419 1106 H.
1447 1068 1542 1106 XIV
1569 1069 1641 1106 107
1672 1072 1709 1106 61
1739 1069 1812 1106 112

298 1130 534 1172 Α111111611168
564 1146 610 1171 ex
638 1131 812 1181 calamo).

404 1196 466 1232 Ex
493 1195 629 1232 insulis
658 1195 867 1243 Pompeios
896 1196 1055 1232 advecta
1083 1198 1195 1232 sunt:
1226 1194 1461 1232 Cnidium
1490 1195 1545 1231 IV
1570 1209 1607 1244 p.
1629 1195 1668 1231 II
1696 1195 1810 1238 5535,

300 1257 361 1297 cui
401 1257 534 1308 generi
576 1258 786 1296 auctoritas
822 1259 865 1296 ut
897 1261 1084 1308 protropo
1122 1260 1205 1297 erat
1240 1258 1306 1307 (N.
1334 1257 1382 1296 H.
1409 1257 1500 1296 XIV
1531 1257 1578 1296 75
1617 1257 1666 1296 cf.
1697 1257 1814 1296 etiam

301 1321 443 1359 Athen.
463 1321 481 1357 Ι
499 1334 537 1370 p.
559 1320 669 1368 326),
691 1325 729 1359 61
749 1320 1047 1368 Cretficum)
1069 1334 1156 1359 exc
1173 1321 1327 1369 61(1611
1342 1321 1375 1365 8)
1395 1321 1501 1370 IVp.
1516 1321 1554 1358 II
1573 1321 1688 1364 5526,
1709 1320 1813 1368 quod

300 1383 433 1421 vinum
474 1382 627 1421 videtur
666 1382 787 1421 fuisse
829 1382 1037 1429 Creticum,
1081 1396 1312 1433 quamquam
1349 1382 1478 1421 vinum
1513 1383 1628 1421 huius
1663 1381 1813 1420 insulae

299 1446 424 1484 rarius
453 1449 775 1484 commemoratur
805 1446 905 1490 (Gal.
927 1446 1019 1484 XIII
1048 1447 1081 1484 8.
1107 1448 1195 1484 212.
1233 1446 1376 1495 Expos.
1402 1449 1471 1483 tot.
1493 1445 1627 1483 mundi
1646 1445 1722 1482 575
1739 1444 1812 1493 811.)

300 1521 416 1557 11116111
444 1521 600 1557 passum
615 1506 657 1555 ²).
712 1508 772 1546 Ex
799 1507 896 1546 Asia
928 1521 1138 1557 passum
1164 1507 1371 1557 Lycium
1399 1507 1457 1544 IV
1483 1521 1520 1557 p.
1550 1507 1589 1544 II
1617 1506 1721 1545 5594
1749 1520 1815 1544 ex-

301 1570 544 1620 portabatur,
574 1571 675 1621 quod
695 1583 817 1621 genus
841 1570 1017 1609 similiter
1045 1585 1088 1609 ac
1117 1570 1310 1609 Creticum
1330 1585 1352 1608 a
1369 1569 1528 1608 medicis
1545 1569 1679 1621 magni
1698 1569 1815 1607 aesti-

299 1634 479 1672 mabatur
507 1633 621 1682 (Plin.
642 1633 732 1671 XIV
755 1633 861 1682 117).
901 1633 1008 1678 Quae
1028 1647 1171 1683 genera
1198 1648 1283 1672 cum
1303 1632 1432 1672 omnia
1450 1632 1634 1683 Pompeis
1661 1634 1816 1682 reperta

299 1697 388 1739 sint,
418 1695 563 1734 Romae
590 1695 689 1733 nihil
716 1695 790 1733 nisi
817 1695 1205 1744 Autocr(atum)
1235 1695 1307 1733 XV
1332 1709 1368 1745 p.
1391 1696 1493 1733 4539
1520 1695 1674 1745 legitur,
1713 1694 1816 1744 quod

302 1758 460 1796 Dressel
486 1758 617 1796 vinum
646 1771 728 1796 esse
755 1761 869 1807 putat
897 1759 946 1796 ab
965 1757 1167 1797 Athenaeo
1195 1758 1257 1796 his
1288 1758 1416 1797 verbis
1444 1758 1660 1795 laudatum:
1689 1755 1814 1804 χαριέ-

300 1831 436 1863 στατος
465 1817 605 1855 δ’ἐστὶν
634 1818 653 1855 6
672 1820 764 1863 Χῖος
792 1820 856 1856 καὶ
885 1825 950 1856 τοῦ
975 1818 1070 1857 Χίου
1090 1819 1110 1856 6
1128 1819 1361 1868 καλούμενος
1380 1818 1609 1867 Ἀριούσιος·
1639 1817 1811 1867 διαφοραὶ

305 1882 346 1919 δὲ
375 1883 490 1920 αὐτοῦ
518 1882 589 1920 εἰσι
615 1888 734 1931 τρεῖς·
763 1882 783 1919 6
812 1883 878 1931 μὲν
905 1883 978 1931 γὰρ
1007 1882 1189 1931 αὐστηρός
1215 1882 1327 1929 ἐστιν,
1357 1882 1376 1919 6
1405 1882 1445 1919 δὲ
1472 1881 1686 1931 γλυκάζων,
1723 1880 1743 1917 6
1771 1880 1812 1917 δὲ

302 1944 414 1994 μέσος
441 1944 582 1982 τούτων
611 1949 656 1993 τῇ
689 1944 814 1993 γεύσει
851 1944 1081 1992 αὐτόκρατος
1113 1944 1294 1982 καλεῖται.
1350 1945 1548 1983 Dresselio
1585 1944 1812 1994 adstipulor,

299 2008 525 2058 praesertim
553 2021 639 2046 cum
658 2007 789 2046 vinum
809 2007 977 2058 quinque
1005 2008 1156 2045 demum
1175 2021 1372 2052 annorum,
1402 2010 1445 2045 ut
1465 2021 1511 2045 ex
1529 2007 1644 2045 titulo
1666 2005 1813 2056 optime

298 2070 515 2120 perscripto
544 2073 704 2120 apparet
723 2070 872 2115 (natum
891 2084 924 2107 a.
946 2084 978 2107 6.
1000 2069 1086 2107 Chr.
1102 2083 1138 2107 n.
1157 2070 1217 2115 18,
1248 2069 1430 2107 diffusum
1458 2083 1489 2107 a.
1512 2083 1545 2107 a.
1567 2068 1653 2107 Chr.
1674 2083 1711 2106 11.
1735 2068 1811 2117 13),

300 2133 484 2172 diffusum
512 2132 580 2178 sit3
611 2132 757 2172 Graeca
786 2132 887 2171 enim
909 2132 1000 2171 vina
1026 2135 1106 2171 tam
1124 2133 1233 2171 tarde
1261 2132 1565 2178 maturabantur,
1595 2135 1639 2171 ut
1667 2132 1813 2171 artibus

300 2209 528 2245 praecocem
551 2192 759 2234 'redderent
786 2198 1020 2234 vetustatem
1047 2194 1162 2241 (Plin.
1182 2195 1232 2233 N.
1248 2195 1298 2233 H.
1320 2194 1413 2232 XIV
1435 2196 1484 2233 78
1513 2198 1552 2234 et
1582 2195 1659 2240 79).

409 2257 549 2297 01111116
576 2258 656 2297 fere
684 2258 840 2297 nomina
867 2258 1043 2297 vinorum
1071 2257 1259 2308 imprimis
1287 2256 1434 2303 Italiae.
1473 2271 1571 2308 quae
1598 2258 1764 2296 maxime
1793 2272 1815 2296 a

300 2322 428 2360 Plinio
449 2321 610 2371 aliisque
630 2321 881 2372 scriptoribus
899 2322 1079 2359 laudibus
1098 2322 1320 2366 efferuntur,
1340 2321 1378 2358 in
1392 2322 1590 2370 amphoris
1615 2334 1814 2359 occurrere

300 2384 476 2423 vidimus.
520 2384 665 2430 Quodsi
692 2385 798 2422 tituli
818 2384 980 2423 aliorum
1001 2397 1195 2435 generum,
1225 2397 1322 2434 quae
1341 2387 1385 2422 ut
1405 2385 1492 2422 vina
1512 2384 1638 2422 famae
1656 2383 1815 2421 minoris
1836 2392 1839 2395 '

300 2462 323 2485 a
356 2448 481 2486 Plinio
509 2462 586 2486 non
606 2451 964 2492 commemorantur,
995 2448 1094 2485 sicut
1112 2447 1425 2485 Beneventanum
1454 2450 1492 2484 et
1514 2447 1744 2496 Rheginum,
1774 2447 1813 2483 in

384 2560 413 2597 1)
434 2559 484 2591 De
507 2560 639 2591 familia
662 2559 865 2591 Graniorum
888 2559 1038 2590 Puteolis
1061 2558 1206 2590 oriunda
1229 2559 1241 2589 Ι
1262 2560 1323 2590 577
1342 2559 1383 2589 cf.
1398 2559 1494 2590 Marx
1509 2559 1552 2590 ad
1568 2558 1689 2590 Lucilii
1711 2559 1811 2599 frgm.

299 2609 345 2640 XI
367 2611 447 2649 411;
471 2611 591 2643 Granii
613 2611 766 2643 homines
789 2610 897 2642 infimi
920 2610 1049 2642 ordinis
1073 2610 1132 2641 sed
1155 2611 1300 2650 quaestu
1324 2620 1383 2641 suo
1408 2610 1531 2642 divites
1555 2612 1663 2642 erant.

385 2662 416 2703 2)
443 2662 493 2694 cf.
515 2664 614 2696 Mart.
638 2664 715 2696 XIII
740 2664 815 2702 106;
846 2664 959 2695 Iuven.
984 2663 1061 2695 XIV
1083 2663 1144 2695 269
1155 2674 1243 2704 sqq.;
1275 2663 1348 2694 Gal.
1371 2663 1432 2695 XII
1454 2664 1526 2695 437.
1550 2664 1623 2696 495.
1646 2663 1716 2695 630.
1741 2663 1811 2696 736.

299 2713 377 2745 XIII
400 2714 429 2745 3.
455 2716 492 2746 11
517 2715 579 2747 bis.
595 2717 632 2748 15
645 2718 708 2748 161.
732 2717 782 2748 26.
807 2717 857 2748 29.
881 2716 931 2747 31.
955 2716 1004 2747 32.
1028 2715 1077 2746 33.
1102 2715 1142 2747 50
1154 2714 1217 2746 bis.
1233 2715 1283 2746 52.
1301 2715 1350 2747 70.
1368 2716 1439 2747 215.
1455 2716 1526 2748 290.
1551 2716 1622 2747 306.
1646 2716 1717 2747 323.
1741 2716 1811 2746 355.

299 2765 360 2797 356
382 2765 460 2797 XIV
476 2767 525 2799 93.
549 2768 672 2800 Athen.
698 2768 728 2800 X
750 2778 782 2809 p.
806 2768 868 2800 440
880 2778 907 2800 6.
