2097 3191
862 193 1121 230 „11-

239 295 366 342 Quare
393 297 627 335 mercatores
654 294 910 345 hominesque
948 294 1014 333 alii
1050 308 1097 334 ex
1136 295 1222 345 ipso
1259 294 1389 346 sigillo
1426 296 1615 346 impresso
1649 296 1758 334 fundi

238 360 302 398 vel
330 360 519 403 officinae,
554 358 656 396 unde
683 358 854 396 venisset
893 359 1092 407 amphora,
1134 359 1225 409 quid
1263 359 1406 397 inesset
1445 359 1630 408 perfacile
1669 372 1758 408 per-

236 422 463 474 spiciebant.
511 419 641 472 Atque
669 420 764 460 talia
792 421 1018 473 plerumque
1047 421 1248 461 suffecisse
1278 422 1364 461 inde
1385 425 1557 474 apparet,
1588 423 1692 473 quod
1718 422 1758 460 in

235 486 376 536 sigillis
406 484 606 535 signaculo
644 484 844 534 impressis
885 488 1000 534 atque
1039 486 1078 523 in
1117 484 1242 523 titulis
1280 486 1395 536 pictis
1435 485 1588 536 saepius
1627 487 1757 524 eadem

234 548 394 587 nomina
414 560 613 586 occurrere
631 547 824 586 videmus:
855 547 1087 586 Saxoferreo
1115 548 1190 586 XV
1209 549 1311 587 3167
1342 549 1441 599 sigil.
1465 548 1563 600 sign.
1593 548 1757 599 impres·

232 626 334 658 sum,
363 610 438 650 XV
464 611 565 649 4171
596 611 736 649 titulus
763 611 890 661 pictus
919 614 986 650 est.
1045 611 1257 660 Sals(ense)
1286 612 1360 651 XV
1389 613 1491 651 3164
1526 612 1625 664 sigil.
1657 613 1754 664 sign.

236 676 465 725 impressum
495 677 565 720 est,
596 674 773 712 Salsense
802 674 918 713 etiam
948 675 988 712 in
1015 675 1129 714 titulo
1158 677 1264 725 picto
1293 676 1434 714 montis
1454 676 1629 714 Testacei
1657 677 1755 725 legi-

236 742 309 776 tur.
367 737 410 775 F.
441 737 597 776 Ceraria
638 737 711 788 sig.
757 738 854 788 sign.
896 737 1125 788 impressum
1156 742 1214 777 est
1241 738 1335 777 XIII
1375 740 1514 785 10002,
1530 740 1578 777 14
1615 743 1653 777 et
1681 739 1755 777 XV

232 801 351 846 2584,
381 799 446 838 sed
476 800 535 838 tit.
566 801 657 850 pict.
688 800 761 838 XV
792 802 907 839 4181.
955 801 1109 851 Figlina
1136 803 1197 840 vel
1224 804 1353 852 potius
1382 802 1525 840 fundus
1545 802 1755 841 Scimniani

234 863 406 902 occurrit
433 863 473 901 in
501 864 572 914 sig.
604 863 702 914 sign.
735 863 924 913 impresso
952 863 1024 902 XV
1053 864 1154 903 3169
1184 867 1222 902 et
1249 864 1343 903 XIII
1372 867 1395 903 3
1423 865 1440 903 Ι
1479 866 1617 910 10002,
1633 866 1682 902 53
1717 869 1755 903 et

236 927 276 964 in
315 927 431 964 titulo
466 927 571 976 picto
599 926 673 964 XV
701 927 815 964 4350.
877 926 1128 977 Virginenses
1170 928 1414 965 nominantur
1454 929 1491 965 in
1535 928 1606 977 sig.
1652 928 1750 978 sign.

235 990 435 1041 impressis
463 989 538 1028 XV
566 990 667 1028 2627
698 993 735 1028 et
763 990 857 1028 XIII
891 991 915 1028 3
942 990 961 1028 I
991 991 1129 1036 10002,
1147 992 1197 1029 56
1232 994 1270 1030 et
1302 991 1341 1029 in
1378 991 1503 1030 titulis
1538 991 1652 1041 pictis
1681 991 1753 1029 XV

235 1054 311 1092 XV
340 1055 441 1091 4189
471 1057 509 1092 et
537 1054 649 1091 4472.
705 1054 758 1091 Μ.
795 1054 906 1093 Utan.
936 1054 1088 1103 Hymen
1115 1054 1260 1105 legitur
1287 1056 1326 1093 in
1354 1055 1469 1094 titulo
1498 1055 1535 1094 in
1566 1055 1753 1105 amphora

235 1118 326 1156 stilo
356 1117 543 1167 inscripto
578 1117 639 1155 vel
669 1117 888 1167 scariphato
918 1117 986 1155 XV
1009 1118 1111 1156 3546
1141 1120 1180 1156 et
1207 1118 1245 1155 in
1273 1118 1386 1156 titulo
1405 1119 1525 1169 picto
1545 1118 1617 1156 XV
1637 1118 1751 1156 4657.

232 1181 331 1219 Cum
359 1181 469 1218 fundi
498 1180 616 1218 etiam
643 1179 800 1230 figlinas
828 1180 1015 1219 haberent
1044 1180 1133 1230 (XV
1162 1182 1263 1219 2604
1291 1182 1355 1231 fig.
1386 1182 1492 1219 fund.
1524 1181 1750 1231 Doppiani).

235 1257 353 1282 unum
382 1243 552 1294 sigillum
580 1256 648 1280 seu
676 1242 789 1281 fundi
819 1242 914 1281 XIII
943 1245 966 1281 3
986 1243 1005 1281 I
1041 1244 1178 1288 10002,
1196 1245 1245 1282 53
1275 1257 1343 1282 seu
1372 1243 1527 1293 figlinae
1556 1243 1629 1282 XV
1649 1243 1752 1281 4350

235 1307 330 1345 satis
359 1309 452 1345 erat.
491 1305 593 1351 Quas
621 1306 894 1355 inscriptiones
923 1309 960 1344 et
986 1306 1194 1356 impressas
1227 1310 1265 1345 et
1283 1307 1406 1357 pictas
1426 1307 1578 1345 etiamsi
1599 1306 1752 1356 saepius

232 1369 336 1408 idem
365 1369 582 1419 significare
614 1369 816 1419 probabile
854 1372 923 1414 est,
962 1373 1087 1407 tamen
1115 1369 1154 1407 in
1186 1369 1234 1407 iis
1271 1369 1517 1419 potissimum
1552 1369 1751 1419 amphoris

234 1432 370 1470 titulos
398 1432 523 1482 pictos
553 1431 704 1469 additos
738 1445 822 1470 esse
850 1431 1080 1481 putaverim,
1109 1446 1208 1482 quae
1235 1445 1313 1470 non
1341 1446 1386 1470 ex
1415 1432 1544 1470 fundis
1573 1432 1667 1482 ipsis
1688 1432 1753 1469 sed

234 1509 257 1532 a
298 1493 576 1533 mercatoribus
614 1495 652 1532 in
693 1495 876 1533 tabernas
916 1495 1240 1545 deportabantur,
1281 1495 1319 1532 id
1366 1496 1470 1544 quod
1509 1495 1752 1544 comprobari

232 1558 383 1595 videtur
415 1556 730 1607 inscriptionibus
766 1558 915 1596 diversa
949 1557 1106 1596 nomina
1139 1557 1419 1596 exhibentibus.
1477 1556 1536 1594 ⁴1³.
1566 1557 1605 1594 S.
1635 1556 1751 1594 Aviti’

233 1620 375 1657 fundus
403 1620 465 1658 vel
493 1620 650 1657 officina
679 1620 928 1657 celeberrima
956 1624 1050 1665 erat,
1081 1621 1195 1657 cuius
1224 1621 1433 1669 amphorae
1461 1624 1634 1669 repertae
1663 1624 1752 1657 sunt

234 1682 380 1722 Romae
409 1681 502 1721 XVI
529 1683 643 1728 3143,
672 1682 711 1721 in
739 1682 937 1733 Hispania
966 1682 1002 1722 II
1031 1682 1166 1735 Suppl.
1196 1683 1310 1729 6254,
1328 1684 1378 1722 34
1407 1686 1445 1723 et
1472 1682 1562 1722 ibid.
1585 1684 1632 1722 37
1654 1682 1751 1722 Bar-

232 1746 382 1791 cinone,
416 1746 594 1790 Italicae;
634 1747 673 1784 in
704 1747 832 1785 Gallia
872 1746 948 1785 XII
976 1747 1090 1792 5683,
1107 1747 1182 1784 251
1214 1746 1334 1795 (a—d)
1375 1751 1412 1785 et
1445 1748 1520 1785 252
1549 1746 1749 1785 Foroiulii.

234 1808 403 1855 Arelate,
446 1807 536 1846 Fins
568 1808 790 1859 d’Annecy,
833 1809 1110 1860 Trinquetaille
1148 1810 1188 1847 in
1214 1810 1300 1860 ripa
1330 1809 1519 1854 Rhodani,
1556 1809 1595 1847 in
1624 1807 1750 1846 Gallia

231 1875 273 1909 et
300 1872 340 1909 in
360 1871 563 1909 Germania
591 1872 686 1910 XIII
708 1874 731 1910 3
754 1872 773 1910 I
806 1873 943 1916 10002,
961 1873 1038 1909 434
1067 1872 1273 1917 Clerrnont,
1295 1873 1433 1921 Ainay,
1462 1873 1580 1921 Lyon,
1605 1873 1748 1910 Autun.

233 1933 409 1979 Amiens,
450 1934 664 1985 Boulogne,
705 1934 919 1979 Windisch,
960 1934 1140 1985 Langres,
1181 1934 1294 1972 Kfiln.
1358 1934 1538 1984 Sigillum
1577 1934 1749 1972 eiusdem

232 1997 416 2034 officinae
445 1997 640 2034 invenitur
668 1998 812 2035 Romae
844 1997 883 2034 in
914 1997 1175 2045 compluribus
1203 1998 1410 2046 amphoris,
1440 2011 1537 2046 quae
1557 2010 1689 2034 omnes
1709 1997 1748 2034 in

234 2058 338 2097 ansis
367 2059 536 2110 sigillum
565 2059 792 2110 impressum
821 2059 863 2097 P.
885 2059 922 2098 S.
944 2060 999 2105 Μ’,
1028 2059 1069 2097 in
1101 2063 1232 2098 ventre
1259 2059 1392 2097 titulos
1423 2059 1591 2098 diversos
1621 2059 1746 2110 pictos

230 2123 414 2160 exhibent
441 2122 513 2160 XV
543 2123 644 2161 3638
674 2122 713 2160 O.
744 2122 841 2161 Atili
871 2123 1044 2166 Secundi,
1075 2123 1149 2160 XV
1177 2123 1279 2160 3650
1309 2122 1420 2160 Clodi
1448 2122 1582 2167 Prisci,
1614 2121 1747 2161 3685&

234 2184 372 2230 Mauri,
403 2185 505 2229 3666
520 2185 611 2225 ΜΜ
632 2185 818 2231 Seiorum,
849 2200 946 2236 quae
974 2185 1130 2225 nomina
1148 2190 1406 2225 mercatorum
1436 2200 1519 2225 esse
1540 2190 1648 2236 puto,
1679 2186 1745 2236 qui

230 2263 281 2287 ex
309 2250 467 2287 officina
495 2250 536 2286 P.
559 2249 595 2287 S.
618 2249 727 2287 Aviti
754 2263 899 2287 merces
930 2253 1172 2299 acceperunt.

869 2395 938 2441 De
966 2395 1103 2442 vinu.

337 2492 418 2530 Iam
458 2493 491 2530 si
530 2493 747 2542 quaerimus
789 2493 879 2543 quid
927 2494 1124 2543 amphoris
1164 2494 1276 2531 condi
1317 2493 1471 2531 solitum
1513 2492 1585 2537 sit,
1629 2492 1746 2542 longe

222 2554 407 2605 *plurimis
435 2556 474 2593 in
511 2555 708 2606 amphoris
736 2557 910 2594 vinorum
946 2557 1103 2595 nomina
1136 2556 1223 2606 ipsa
1257 2569 1323 2594 seu
1357 2556 1432 2593 alia
1471 2556 1587 2593 verba
1624 2568 1744 2605 genus

230 2618 311 2657 vini
336 2618 431 2656 meri
460 2621 527 2656 aut
553 2619 701 2658 facticii
730 2620 989 2671 significantia
1018 2634 1218 2658 occurrere
1238 2618 1422 2657 videmus.
1462 2617 1589 2668 Atque
1619 2618 1667 2655 ab
1696 2617 1743 2655 iis

230 2681 473 2732 incipiamus,
504 2679 642 2731 quibus
676 2697 819 2734 genera
846 2684 983 2722 Italica
1021 2684 1280 2734 designantur.
1339 2683 1483 2721 Graeca
1518 2681 1620 2720 enim
1655 2682 1745 2719 vina

227 2757 465 2794 quamquam
495 2743 656 2783 Plautus
686 2745 854 2783 Graecos
882 2746 1154 2796 proculdubio
1184 2746 1310 2783 fontes
1339 2744 1470 2794 potius
1490 2758 1605 2793 quam
1633 2757 1744 2781 usum
