2097 3191
930 194 1159 231 ...7-

283 298 358 337 XV
385 298 646 338 2564—2568
674 300 849 348 repertae
879 300 977 343 sunt,
1017 298 1157 336 tertiae
1194 311 1240 335 ex
1277 296 1411 348 figlina
1439 296 1547 334 BAR
1590 296 1659 344 (ita
1700 297 1801 335 enim

282 362 489 413 legendum
534 374 617 398 esse
654 361 765 399 docet
793 360 866 398 XV
899 361 998 398 2561
1040 360 1078 398 II
1104 360 1216 399 AVR
1251 359 1536 398 HERACLAE
1559 369 1571 402 Η
1593 358 1697 396 ΡΑΤ
1732 360 1800 397 ΕΤ

283 424 366 463 FIL
393 423 424 461 F
452 423 575 470 ΒΑΗ)
605 423 722 462 etiam
748 424 787 461 in
815 423 1017 461 Britannia
1045 423 1299 461 Camuloduni
1326 423 1402 461 VII
1432 423 1545 467 1331,
1564 424 1635 460 141
1667 425 1705 461 et
1724 422 1799 460 VII

287 488 400 531 1331,
417 487 480 532 20,
512 489 550 524 et
577 486 616 525 in
644 485 770 525 Gallia
798 485 932 525 Autun
960 486 1055 525 XIII
1084 488 1108 524 3
1135 486 1155 525 I
1185 487 1322 530 10002,
1341 487 1363 524 2
1392 484 1633 536 prodierunt.

389 550 525 600 Itaque
555 563 640 588 cum
668 564 762 588 vasa
793 550 930 588 fictilia
968 549 1128 588 diversis
1169 550 1263 588 locis
1304 550 1409 588 facta
1447 563 1586 588 nomen
1628 549 1797 588 eiusdem

285 612 432 651 domini
452 612 672 651 exhibentia
703 613 799 652 alias
818 614 858 651 in
886 616 1008 651 terras
1041 613 1218 651 devectas
1245 626 1329 652 esse
1355 613 1564 658 videamus,
1597 613 1663 652 ubi
1695 613 1797 652 forte

280 689 422 714 nomen
450 675 606 726 figlinae
646 690 713 714 seu
748 676 826 714 loci
862 676 980 721 deest,
1019 690 1095 725 qua
1131 689 1177 713 ex
1212 675 1370 726 regione
1410 677 1596 726 amphora
1636 677 1794 721 venerit,

280 740 472 778 incertum
499 738 680 776 manebit.
736 737 898 776 Accedit
926 739 1029 787 quod
1057 738 1171 776 etiam
1200 738 1310 777 fundi
1337 739 1398 776 vel
1426 739 1581 788 praedia
1610 739 1794 777 Romanis

279 801 524 840 divitioribus
552 801 591 839 in
620 800 781 839 diversis
809 801 946 839 Italiae
973 801 1148 851 partibus
1178 804 1298 839 erant.
1342 801 1479 850 Neque
1508 803 1609 839 enim
1637 803 1793 840 dubium

280 867 350 909 est,
391 864 484 913 quin
512 878 543 902 e.
574 877 630 914 gr.
661 864 878 908 Maecenas,
919 863 980 901 cui
1008 865 1046 901 in
1076 863 1201 902 Gallia
1230 863 1427 913 Cisalpina
1455 864 1589 902 vineae
1630 878 1793 915 magnae

278 929 390 966 erant
429 926 542 975 (Plin.
585 926 636 965 N.
667 927 716 965 H.
747 926 841 965 XIV
871 927 950 974 67),
994 926 1110 965 etiam
1151 926 1190 964 in
1219 925 1430 977 Campania
1469 930 1535 965 aut
1572 927 1610 965 in
1640 926 1792 966 Sabinis

281 990 461 1028 habuerit
489 991 652 1034 fundos;
681 991 747 1040 qui
777 1003 895 1040 opera
923 989 1040 1027 Plinii
1070 989 1236 1028 Secundi
1263 990 1414 1040 legerit,
1445 1004 1560 1041 saepe
1588 991 1792 1029 fundorum

282 1056 321 1091 et
350 1053 498 1092 Galliae
528 1053 745 1103 Cisalpinae
775 1056 812 1091 et
839 1053 1019 1091 Etruriae
1048 1056 1086 1091 et
1114 1053 1276 1091 aliarum
1304 1053 1537 1092 mentionem
1573 1054 1655 1091 fieri
1689 1054 1790 1092 haud

280 1117 488 1167 ignorabit.
537 1116 661 1162 Quare
696 1117 778 1155 fieri
807 1119 948 1166 potest,
988 1119 1029 1154 ut
1058 1117 1168 1167 origo
1198 1116 1466 1167 amphorarum
1495 1117 1569 1155 iam
1599 1131 1675 1155 non
1701 1131 1790 1167 per-

280 1179 391 1216 nosci
418 1179 556 1229 possit,
585 1180 659 1217 nisi
687 1179 787 1217 forte
817 1178 1053 1228 adscriptum
1082 1181 1150 1223 est,
1181 1193 1257 1228 quo
1286 1193 1331 1217 ex
1360 1179 1479 1217 fundo
1498 1180 1720 1229 provenerit
1746 1184 1790 1218 ut

278 1241 332 1279 IV
362 1255 399 1290 p.
430 1241 467 1279 II
495 1241 597 1279 5577
628 1242 673 1280 de
693 1240 898 1280 Formiano
927 1241 1105 1289 dol(ium)
1134 1240 1254 1279 XXV.
1304 1241 1347 1279 In
1377 1241 1540 1291 singulis
1569 1242 1669 1279 enim
1697 1242 1787 1280 fun-

278 1303 336 1340 dis
365 1303 574 1352 amphorae
602 1304 860 1354 fingebantur,
904 1303 937 1340 si
964 1304 1125 1340 materia
1151 1304 1289 1340 idonea
1318 1304 1449 1340 aderat
1488 1303 1553 1351 (cf.
1583 1304 1657 1341 XV
1684 1318 1721 1353 p.
1750 1305 1788 1342 ΙΙ

276 1367 381 1404 2604
409 1367 473 1416 fig.
504 1366 609 1404 fund.
639 1365 865 1416 Doppiani),
895 1367 950 1404 ita
977 1370 1020 1404 ut
1047 1369 1130 1404 tum
1157 1366 1299 1404 fundus
1327 1366 1439 1413 (XIII
1467 1367 1491 1404 3
1519 1366 1536 1403 I
1566 1367 1786 1415 10002,53)

275 1430 359 1466 tum
386 1427 521 1478 figlina
549 1428 638 1475 (XV
665 1442 701 1478 p.
732 1428 770 1466 II
798 1427 916 1477 4350)
946 1428 1177 1466 nominetur.

382 1490 425 1528 In
454 1490 650 1529 nonnullis
672 1491 868 1541 amphoris
887 1490 1028 1529 montis
1049 1490 1226 1529 Testacei
1253 1491 1382 1529 nescio
1411 1505 1527 1540 quam
1555 1491 1604 1528 ob
1633 1504 1788 1529 causam

274 1554 432 1591 nomina
473 1553 702 1603 oppidorum
746 1553 939 1602 adscripta
980 1555 1079 1590 sunt.
1151 1552 1254 1598 Quas
1296 1554 1502 1602 amphoras
1545 1554 1595 1590 ob
1631 1553 1786 1591 nomina

271 1616 502 1666 oppidorum
538 1614 808 1666 Hispanorum,
847 1629 944 1666 quae
986 1619 1052 1654 aut
1088 1617 1190 1654 ansis
1234 1616 1422 1667 impressa
1461 1619 1528 1655 aut
1565 1616 1718 1667 saepius
1746 1617 1785 1655 in

272 1680 397 1718 titulis
426 1680 540 1729 pictis
569 1678 714 1729 scripta
734 1682 834 1723 sunt,
865 1679 1022 1716 Dressel
1050 1692 1182 1717 omnes
1211 1692 1256 1717 ex
1276 1679 1469 1730 Hispania
1488 1679 1650 1718 Romam
1680 1683 1719 1718 et
1746 1681 1785 1718 in

272 1743 439 1793 reliquas
467 1746 598 1792 partes
632 1742 783 1792 imperii
824 1741 1081 1781 occidentales
1124 1743 1301 1781 advectas
1344 1757 1427 1782 esse
1470 1743 1665 1781 contendit
1694 1743 1785 1791 (XV

270 1819 308 1855 p.
339 1806 377 1843 ΙΙ
404 1819 493 1855 pag.
515 1806 631 1849 492);
661 1804 887 1843 Hirschfeld
909 1808 1036 1842 autem
1056 1806 1165 1854 eopia
1185 1806 1457 1855 amphorarum
1477 1806 1606 1843 eadem
1627 1805 1783 1843 nomina

270 1868 546 1913 exhibentium,
576 1881 673 1918 quae
702 1867 740 1906 in
762 1867 885 1906 Gallia
904 1870 1079 1918 repertae
1108 1870 1208 1913 sunt,
1239 1868 1423 1906 adductus
1452 1868 1498 1906 de
1519 1867 1667 1918 origine
1686 1867 1780 1906 His-

271 1931 411 1979 panica
438 1930 494 1968 ita
522 1930 684 1974 dubitat,
714 1933 756 1967 ut
784 1943 963 1979 magnam
991 1934 1139 1978 partem
1171 1943 1300 1967 earum
1330 1943 1376 1967 ex
1395 1930 1520 1967 Gallia
1539 1930 1780 1968 meridionali

272 1993 433 2031 Romam
462 1993 657 2031 advectam
688 2006 771 2031 esse
807 1995 917 2042 putet
959 1991 1050 2040 (XII
1091 2006 1129 2041 p.
1161 1990 1271 2040 700):
1315 1992 1430 2030 etiam
1472 2006 1518 2030 ex
1559 1992 1778 2031 nominibus

272 2055 425 2093 urbium
455 2054 642 2104 originem
664 2056 935 2104 amphorarum
952 2055 1149 2092 desumere
1169 2068 1284 2103 quam
1294 2055 1450 2092 difficile
1464 2056 1525 2100 sit,
1547 2056 1663 2100 vides,
1693 2069 1778 2093 cum

268 2118 343 2156 hac
370 2117 410 2156 in
438 2130 478 2155 re
506 2117 574 2154 viri
605 2116 899 2167 inscriptionum
927 2115 1152 2166 peritissimi
1180 2117 1292 2166 plane
1312 2117 1550 2155 dissentiant.
1593 2116 1779 2157 Attamen

268 2179 336 2218 ubi
363 2179 519 2222 nomina
546 2183 734 2218 terrarum
764 2180 843 2217 sive
871 2178 1060 2229 impressa
1095 2179 1176 2218 sive
1212 2179 1318 2229 picta
1355 2180 1504 2225 adsunt,
1542 2180 1588 2218 de
1629 2180 1779 2232 origine

183 2244 188 2248 '
268 2242 332 2280 vix
360 2242 536 2281 dubitare
564 2241 707 2287 licebit,
737 2242 963 2292 praesertim
991 2255 1076 2280 cum
1114 2243 1230 2280 etiam
1265 2242 1342 2280 alia
1379 2243 1562 2281 accedant
1597 2243 1703 2281 velut
1740 2244 1780 2281 in

267 2305 384 2342 titulo
415 2304 455 2342 C.
485 2305 601 2343 Consi
629 2304 881 2343 Hermerotis.
931 2304 1015 2349 Qua
1049 2305 1198 2346 ratione
1227 2319 1313 2343 cum
1351 2319 1533 2343 numerus
1562 2305 1779 2355 sigillorum

267 2369 396 2405 certae
425 2366 585 2419 originis
614 2366 792 2406 omnibus
811 2365 1071 2405 voluminibus
1091 2366 1183 2405 CIL.
1214 2368 1367 2407 collatis
1388 2367 1521 2418 augeri
1548 2368 1685 2417 possit,
1715 2367 1779 2407 hic
1831 2389 1834 2391 ·

267 2429 362 2466 mihi
389 2430 575 2467 nonnulla
605 2431 741 2468 afferre
768 2430 894 2467 liceat.

372 2490 464 2541 Fiq.
485 2491 619 2530 Gerar
647 2491 725 2539 (vel
745 2491 876 2541 Gerar)
906 2492 945 2530 in
965 2492 1156 2543 Hispania
1185 2492 1306 2531 fuisse
1335 2492 1549 2531 ostenditur
1569 2493 1685 2531 titulo
1706 2493 1779 2531 XV

266 2554 365 2591 4181
379 2552 411 2600 δ,
440 2555 480 2592 in
509 2569 585 2605 quo
605 2569 743 2593 nomen
764 2555 897 2605 oppidi
917 2555 1119 2594 Cordubae
1148 2559 1186 2594 et
1205 2556 1277 2594 XV
1298 2557 1401 2594 4227
1418 2555 1449 2601 δ,
1479 2557 1517 2594 in
1538 2570 1613 2606 quo
1634 2555 1775 2594 ‘Germa

268 2614 376 2651 Gord'
406 2616 559 2663 legitur.
612 2618 704 2655 Inde
731 2618 851 2668 igitur
879 2618 1112 2668 proveniunt
1140 2619 1272 2657 eadem
1301 2619 1429 2668 sigilla
1458 2619 1562 2657 ansis
1590 2619 1777 2668 impressa

267 2677 464 2728 amphoris
492 2673 565 2717 XV
595 2681 698 2719 2584
726 2681 883 2727 Romae,
912 2682 950 2719 in
980 2682 1116 2721 Museo
1146 2680 1371 2721 Britannico
1401 2684 1438 2720 et
1466 2681 1505 2720 in
1534 2681 1661 2721 Gallia
1682 2682 1777 2721 XIII

267 2741 406 2786 10002,
426 2742 473 2778 14
504 2742 789 2781 Heddernheim
818 2745 981 2793 repertis
1011 2748 1077 2782 aut
1105 2745 1279 2782 servatis.
