2097 3191
862 218 1119 255 ..35-

244 323 459 371 (Hofmann
478 322 503 359 l.
524 321 548 358 l.
568 334 606 370 p.
628 320 732 368 282).
792 320 917 366 Quare
946 321 1049 360 haud
1078 322 1265 361 absonum
1302 321 1453 360 videtur
1489 320 1642 370 opinari
1670 321 1755 359 Ho-

241 385 383 423 ratium
402 397 554 433 quoque
574 383 706 430 (carm.
727 383 745 420 I
764 383 828 431 20)
851 384 900 420 ob
921 385 1080 422 eandem
1099 398 1253 422 causam
1275 383 1374 421 ‘Vile
1396 413 1403 420 .
1426 412 1433 419 .
1456 413 1464 421 .
1481 382 1665 420 Sabinum
1687 412 1693 419 .
1717 413 1724 420 .
1748 412 1754 419 .

244 447 392 487 Graeca
417 475 424 484 .
447 476 455 484 .
479 476 486 484 .
518 447 611 484 testa
638 445 839 485 conditum'
866 447 1015 487 levisse.

347 510 528 548 Numeris
570 523 755 560 persaepe
797 510 992 561 inscriptis
1033 511 1236 555 indicatur,
1280 512 1382 561 quod
1422 511 1472 549 sit
1509 510 1662 561 pondus
1692 513 1759 547 aut

242 574 408 624 pretium
437 574 585 619 mercis,
629 587 727 624 quae
756 573 806 612 sit
848 573 1055 624 capacitas,
1100 577 1218 624 quota
1246 575 1297 612 sit
1338 574 1524 625 amphora
1559 573 1669 612 fundi
1697 573 1756 612 vel

242 636 335 674 dolii
377 636 438 674 vel
480 637 598 675 cellae
649 636 847 675 cuiusdam
889 638 1071 675 vinariae.
1141 637 1337 674 Interdum
1380 640 1508 675 autem
1550 639 1759 675 occurrunt

243 698 393 737 numeri
422 699 670 750 singulariter
690 700 822 749 scripti
845 700 945 738 sicut
973 699 1144 738 CCVVV
1175 713 1245 749 pro
1275 699 1409 737 CCXV
1437 700 1496 738 vel
1525 698 1758 738 LLLLVVV

246 764 313 799 aut
340 761 545 800 LLGVVV
572 777 644 812 pro
673 762 807 800 CCXV
838 766 876 800 et
903 762 1087 801 XXXXX
1115 776 1187 812 pro
1216 762 1254 799 L.
1312 762 1540 807 Dresselius,
1570 764 1634 812 qui
1654 763 1757 800 hunc

241 825 398 862 modum
428 826 618 863 scribendi
639 825 952 863 consuetudinem
971 825 1188 875 Hispanam
1217 825 1276 863 vel
1296 824 1521 863 Africanam
1551 839 1634 864 esse
1653 825 1756 867 dicit,

242 901 282 925 se
309 887 456 926 nescire
493 889 558 933 ait,
598 888 690 937 quid
719 888 793 927 sibi
829 889 950 927 velint
986 888 1281 939 significentque
1318 888 1359 925 hi
1395 889 1542 926 numeri
1573 887 1687 935 (Ann.
1718 902 1753 937 p.

249 949 360 998 164);
391 965 486 1000 quos
522 951 596 989 hoc
625 951 737 989 modo
773 951 1021 1001 explicandos
1059 965 1142 989 esse
1179 951 1362 988 arbitror:
1402 951 1610 999 amphorae
1651 950 1753 988 vasis

241 1013 451 1053 minoribus
481 1017 607 1054 certae
637 1013 864 1065 capacitatis
902 1014 1178 1065 explebantur;
1219 1013 1373 1064 primun
1415 1014 1515 1053 servi
1542 1013 1753 1053 maioribus

242 1077 377 1115 deinde
396 1077 610 1115 minoribus
631 1078 837 1115 utebantur
855 1078 969 1121 vasis,
999 1078 1125 1126 quoad
1143 1078 1259 1126 plena
1279 1081 1382 1115 esset
1402 1078 1599 1126 amphora,
1629 1079 1754 1127 quod-

240 1153 402 1189 cumque
429 1140 648 1178 infuserant
676 1141 806 1179 statim
835 1141 1075 1185 adnotantes,
1103 1154 1150 1179 ne
1169 1140 1355 1179 memoria
1373 1140 1602 1178 turbaretur.
1644 1140 1754 1178 Eius-

240 1203 343 1239 modi
358 1216 537 1240 numeros
550 1204 663 1240 etiam
681 1203 720 1240 in
736 1203 932 1252 amphoris
949 1203 1194 1252 Pompeianis
1208 1203 1356 1240 inveni:
1373 1203 1427 1240 IV
1444 1203 1545 1239 2622
1557 1202 1679 1240 LXVI
1692 1202 1753 1244 VI,

242 1264 306 1302 ubi
334 1263 374 1302 in
403 1265 478 1303 fine
505 1265 565 1303 bis
593 1279 772 1303 numerus
801 1265 868 1311 VI,
898 1264 1008 1304 initio
1038 1265 1164 1304 decies
1193 1265 1250 1303 VI
1277 1266 1428 1315 positus
1457 1269 1524 1303 est.

352 1327 470 1366 Porro
498 1328 538 1365 in
567 1329 753 1378 amphora
782 1329 928 1367 vinaria
964 1329 1166 1374 indicatur,
1197 1343 1274 1379 qua
1300 1342 1397 1367 nave
1426 1329 1584 1366 advecta
1613 1328 1674 1372 sit,
1697 1328 1752 1365 IV

241 1404 277 1440 p.
300 1390 480 1429 115894:
510 1391 563 1428 ‘in
589 1403 682 1428 nave
712 1389 778 1429 Cn.
801 1390 905 1429 Senti
932 1390 1126 1441 (H)omerz'
1156 1391 1213 1428 Ti.
1237 1390 1375 1429 Claudi
1406 1389 1576 1440 Orp(h)ei
1594 1389 1750 1439 vect(a)'.

241 1453 346 1498 Quae
386 1468 471 1492 cum
504 1456 598 1492 nota
634 1454 861 1493 navicularii
889 1469 972 1494 esse
1008 1455 1190 1501 videatur,
1231 1455 1328 1493 nihil
1364 1455 1466 1493 aliud
1502 1456 1591 1493 inde
1620 1454 1752 1504 colligi

241 1519 383 1566 potest.

210 1595 213 1597 ·
349 1579 392 1618 In
422 1580 619 1629 amphoris
647 1580 752 1618 tertii
780 1595 815 1630 p.
846 1580 932 1619 Chr.
962 1595 997 1618 n.
1028 1581 1171 1620 saeculi
1200 1594 1315 1631 saepe
1344 1580 1587 1630 reperiuntur
1614 1583 1752 1619 notae:

245 1641 344 1680 ‘Acc'
373 1643 434 1682 vel
463 1642 554 1680 ‘Aet’
586 1656 672 1681 cum
700 1643 919 1682 nominibus
947 1644 1072 1693 primo
1101 1658 1193 1683 casu
1219 1644 1370 1694 positis.
1410 1658 1504 1694 quas
1533 1643 1753 1682 Dresselius

243 1706 464 1756 significare
485 1707 652 1744 ostendit
681 1707 853 1754 ‘accepist
883 1721 968 1745 cum
998 1708 1116 1746 semel
1134 1707 1207 1745 XV
1228 1708 1330 1745 3950
1359 1707 1488 1755 ‘accep’
1517 1708 1596 1757 legi
1615 1707 1751 1756 possit.

241 1768 343 1814 Quas
387 1769 598 1817 amphoras
640 1783 662 1806 a
701 1770 946 1808 naviculariis
989 1771 1168 1809 advectas
1210 1784 1294 1808 esse
1337 1771 1497 1809 conicio.
1541 1770 1606 1820 qui
1649 1772 1755 1807 ‘onus

239 1831 382 1879 fiscale’
411 1831 518 1879 (Cod.
542 1832 684 1870 Theod.
718 1832 810 1870 XIII
831 1834 864 1877 5,
880 1833 920 1881 4)
951 1833 1113 1872 Romam
1151 1833 1420 1884 apportabant.
1478 1833 1513 1872 A
1541 1833 1754 1872 tabellariis

242 1908 263 1930 a
291 1893 506 1931 rationibus
551 1894 638 1941 (XV
670 1895 773 1932 4120
803 1924 810 1931 .
834 1925 840 1932 .
864 1925 871 1932 .
915 1896 951 1933 vi
992 1896 1126 1933 tabula
1167 1895 1193 1943 (.
1215 1926 1222 1933 .
1246 1894 1292 1943 .);
1328 1895 1512 1934 tabularii
1539 1896 1754 1945 Hispaniae

240 1953 302 1992 cit.
324 1954 494 1993 114089.
525 1956 640 1993 4181.
671 1956 785 2001 5210,
815 1956 1035 1995 Lusitaniae
1063 1957 1100 1995 II
1124 1958 1236 1994 4186.
1268 1958 1370 1995 3235
1399 1956 1660 2005 nominantur)
1690 1970 1752 1994 eas

239 2020 353 2055 notas
381 2017 587 2068 inscriptas
616 2032 700 2057 esse
727 2019 943 2068 putaverim
971 2034 1047 2058 non
1079 2020 1222 2058 Romae
1251 2021 1310 2058 vel
1340 2020 1470 2065 Ostiis,
1501 2023 1543 2057 ut
1572 2021 1753 2070 opinatur

241 2080 409 2126 Dressel,
453 2082 518 2118 sed
560 2082 599 2119 in
627 2081 828 2131 Hispania,
873 2083 1098 2132 praesertim
1141 2096 1226 2120 cum
1253 2082 1293 2120 in
1323 2083 1518 2132 amphoris
1555 2083 1750 2132 legamus:

240 2142 438 2181 ‘devectum
478 2143 690 2192 Hispalem'
720 2144 792 2183 XV
826 2146 941 2191 4233.
986 2146 1180 2184 ‘devectum
1220 2145 1396 2195 Astiyz'm'
1441 2146 1514 2184 XV
1543 2146 1656 2190 4359.
1701 2149 1753 2184 ‘at

232 2206 530 2255 pomumyXV
558 2208 658 2245 4371
690 2209 729 2254 (i.
757 2221 788 2246 e.
811 2208 1054 2253 Gaditanum,
1085 2210 1131 2247 cf.
1160 2223 1188 2247 s.
1209 2224 1245 2259 p.
1267 2208 1345 2257 27).
1402 2209 1527 2247 Urbes
1552 2222 1650 2258 quae
1680 2222 1750 2246 no-

238 2270 436 2308 minantur
466 2270 592 2321 capita
621 2275 709 2309 sunt
738 2274 995 2310 conventuum
1023 2271 1299 2322 Hispanorum,
1333 2273 1399 2310 ubi
1426 2272 1630 2316 tabellarii,
1660 2272 1751 2321 quid

238 2346 389 2383 quaque
417 2347 463 2371 ex
491 2334 585 2372 urbe
629 2333 887 2382 ‘accepissent',
918 2339 955 2373 et
992 2335 1189 2385 amphoris
1230 2335 1493 2374 inscribebant
1531 2337 1569 2372 et
1597 2333 1750 2372 tabellis

237 2397 483 2434 mandabant.
541 2397 687 2435 Romae
725 2400 852 2436 autem
888 2399 949 2436 vel
978 2398 1097 2437 Ostiis
1126 2399 1347 2437 tabellarius
1384 2398 1538 2436 tabellis
1567 2398 1751 2447 inspectis
1827 2399 1830 2401 ’

239 2459 466 2506 ‘reeoynovit'
509 2459 726 2510 amphoraS,
770 2460 872 2511 quod
915 2461 1070 2499 verbum
1097 2461 1159 2500 vel
1199 2461 1329 2512 potius
1371 2461 1523 2511 signum
1564 2473 1752 2510 persaepe

238 2522 414 2559 occurrit.
463 2523 639 2562 Navibus
660 2523 771 2569 enim,
801 2538 899 2574 quae
920 2524 1160 2563 ‘tabellariae'
1181 2525 1414 2567 dicebantur,
1446 2527 1533 2561 ante
1554 2524 1750 2562 onerarias

238 2583 425 2633 profectis
465 2599 672 2637 earumque
702 2588 907 2626 adventum
945 2587 1203 2626 indicantibus
1232 2587 1396 2626 tabellae
1431 2587 1750 2637 apportabantur.

239 2646 344 2692 Quae
373 2647 505 2698 opinio
543 2663 587 2686 eo
618 2651 877 2695 confirmatur,
916 2651 1017 2700 quod
1044 2653 1279 2689 mercatores
1318 2663 1470 2700 quoque
1503 2649 1544 2688 in
1573 2649 1752 2699 portibus

240 2709 379 2748 exteris
407 2711 613 2757 habebant,
645 2712 710 2762 qui
738 2726 883 2751 merces
912 2713 1146 2762 inspicerent
1183 2713 1487 2762 acciperentque.
1543 2713 1588 2750 In
1616 2712 1752 2751 Museo

238 2773 459 2811 Britannico
490 2773 640 2822 (‘Room
669 2775 714 2821 of
737 2774 857 2813 Greek
884 2775 962 2813 and
987 2774 1137 2813 Roman
1165 2774 1280 2825 Life’)
1301 2775 1377 2813 vidi
1400 2776 1606 2826 epistulam
1626 2776 1751 2825 primo
