2097 3191
935 198 1201 234 -12-

303 303 570 342 Romanorum
599 305 751 341 secutus
771 301 848 340 alia
878 315 954 339 non
983 303 1260 340 commemorat
1278 313 1421 352 genera
1440 305 1478 340 et
1497 301 1592 340 Cato
1614 302 1760 340 artibus
1780 316 1826 341 oa

303 367 539 410 imitabatur,
579 368 708 403 tamen
747 363 935 414 imprimis
974 364 1214 414 temporibus
1253 365 1421 414 posteris
1460 379 1581 415 parva
1620 365 1825 404 admodum

305 429 536 468 auctoritate
574 427 675 477 apud
709 426 905 465 Romanos
945 426 1066 466 fuisse
1106 430 1252 466 certum
1293 430 1363 473 est,
1403 441 1490 466 cum
1519 428 1666 467 Romae
1705 442 1824 467 unum

306 493 430 531 solum
459 504 592 541 genus,
624 490 806 539 Pompeis
834 490 910 528 tria
937 493 1089 528 tantum
1116 491 1155 528 in
1176 490 1373 540 amphoris
1392 491 1649 530 nominentur.
1696 492 1824 530 Italici

306 557 433 593 autem
449 553 527 591 vini
547 565 690 602 genera
716 566 763 591 ex
786 553 1027 603 temporibus
1046 553 1269 591 consulatus
1290 552 1436 604 Opimii
1455 553 1564 603 (120)
1593 557 1632 592 et
1650 554 1825 593 bonitate

304 621 344 656 et
371 616 484 665 copia
511 618 717 666 tantopere
747 620 860 655 aucta
888 619 1008 662 erant,
1038 619 1081 655 ut
1108 615 1223 655 Italia
1259 616 1499 665 ‘intelleyente
1532 628 1644 654 suum
1677 616 1825 655 bonum’

304 679 419 727 (Plin.
441 678 489 717 N.
511 678 560 716 H.
583 678 678 717 XIV
697 678 763 727 94)
783 679 874 718 vina
894 679 1119 730 diligentius
1139 683 1290 718 curaret
1310 679 1619 730 diffunderetque
1631 678 1672 729 ¹).
1711 679 1825 719 Unde

303 742 429 782 Varro
457 756 487 780 r.
510 756 539 781 r.
566 741 584 780 I
612 744 647 787 2,
667 742 688 780 7
729 742 939 782 exclamat:
981 742 1059 780 ‘An
1097 741 1269 792 Phryyia
1306 744 1432 792 magis
1469 742 1607 781 vitibus
1645 745 1824 791 cooperta,

303 817 416 853 quam
442 804 633 842 Homerus
662 805 829 853 appellat
856 805 1163 853 ἀμπελόεσσαν,
1193 819 1306 853 quam
1345 806 1435 844 haec
1472 806 1539 855 (sc.
1559 805 1730 849 Ιΐαῑὶα).2
1759 809 1827 844 aut

302 867 427 916 Aryos
448 898 456 906 .
479 897 487 904 .
512 866 567 913 ..9‚
599 869 638 905 in
666 880 742 916 qua
767 870 868 906 terra
899 869 1070 917 iuyerum
1097 881 1216 906 unum
1243 869 1357 907 denos
1385 872 1418 907 et
1445 871 1579 917 quinos
1606 870 1721 907 denos
1748 872 1826 907 cul-

304 930 378 967 leos
416 929 488 976 fert
536 931 637 975 vini,
680 933 765 977 quot
804 931 987 978 quaedam
1025 932 1065 968 in
1106 932 1222 970 Italia
1263 933 1431 980 reyiones
1443 930 1472 968 ‚9’
1534 932 1672 982 Itaque
1709 932 1826 970 etiam

304 994 475 1033 Galenus
516 994 700 1039 medicus,
744 1008 977 1044 quamquam
1020 1009 1162 1046 genera
1204 996 1351 1034 Graeca
1392 996 1490 1034 bene
1532 995 1650 1040 novit.
1695 998 1825 1033 tamen

302 1057 440 1095 Italica
467 1058 591 1095 multo
620 1058 743 1106 pluris
778 1059 958 1096 aestimat
991 1059 1232 1109 saepiusque.
1259 1059 1514 1097 commendat.
1571 1058 1661 1096 Non
1700 1058 1824 1096 solum

307 1119 513 1158 Falernum
542 1133 675 1158 omnes
703 1120 743 1159 in
771 1124 894 1159 terras
923 1122 1117 1171 exportari
1147 1120 1214 1170 (εἰς
1242 1120 1394 1157 ἅπασαν
1421 1121 1494 1170 γὰρ
1525 1119 1659 1169 σχεδόν
1687 1132 1731 1169 γε
1759 1120 1827 1169 τὴν

304 1181 526 1231 οἰκουμένην
568 1183 661 1222 XIV
702 1183 784 1232 77),
828 1185 895 1222 sed
937 1184 1054 1222 etiam
1096 1198 1210 1233 quam
1251 1184 1429 1222 maximis
1470 1184 1600 1234 potuit
1645 1183 1825 1221 laudibus

305 1247 451 1286 elatum
479 1247 544 1294 (cf.
573 1246 671 1286 XIII
690 1247 778 1292 513,
808 1246 899 1286 XIV
919 1248 980 1291 25,
1011 1247 1044 1285 Χ
1070 1249 1143 1287 831
1162 1262 1218 1298 sq.
1250 1247 1356 1297 alibi)
1388 1247 1613 1298 saepissime
1638 1247 1825 1286 abhiben-

307 1312 397 1348 dum
426 1324 510 1348 esse
540 1309 686 1358 dicit2).
743 1310 870 1348 Tanta
898 1310 997 1348 enim
1028 1310 1220 1361 dignitate
1248 1311 1287 1349 id
1316 1325 1439 1361 genus
1468 1324 1552 1349 esse
1587 1310 1749 1360 putavit,
1783 1313 1828 1347 ut

308 1374 412 1412 aliud
440 1376 522 1412 tum
550 1374 701 1412 demum
732 1374 956 1412 sumendum
988 1387 1071 1412 esse
1099 1374 1254 1419 diceret,
1285 1375 1316 1412 si
1342 1373 1549 1412 Falernum
1576 1374 1616 1412 in
1644 1375 1825 1422 promptu

307 1449 386 1474 non
415 1439 518 1474 esset
549 1434 659 1484 (XIII
687 1435 792 1484 405).
851 1436 980 1486 Atque
1017 1437 1132 1474 etiam
1169 1437 1244 1474 alia
1280 1450 1424 1487 genera
1452 1436 1588 1474 Italiae
1622 1436 1677 1473 ita
1712 1449 1826 1485 prae-

306 1498 457 1537 ferebat
485 1498 654 1543 Graecis,
692 1502 736 1536 ut
774 1499 892 1537 semel
922 1498 1135 1536 ‘Graecum’
1176 1499 1287 1546 (XIII
1322 1498 1426 1548 533),
1468 1513 1656 1549 persaepe
1698 1502 1827 1537 autem

306 1561 413 1599 nullo
441 1561 597 1599 nomine
627 1561 776 1599 adiecto
806 1560 970 1598 ‘Italica’
1000 1562 1283 1611 praescriberet
1297 1561 1339 1610 3).

412 1624 496 1670 Quo
525 1624 639 1675 plura.
673 1627 802 1662 autem
840 1628 930 1662 sunt
967 1638 1110 1674 genera
1151 1624 1240 1669 vini,
1285 1638 1360 1674 quo
1399 1624 1523 1675 magis
1565 1624 1671 1663 varia
1713 1627 1830 1675 atque

305 1687 457 1725 diversa
485 1691 544 1725 est
562 1687 729 1731 bonitas,
759 1700 804 1725 eo
833 1686 1058 1736 diligentius
1085 1686 1248 1724 indicari
1276 1690 1442 1736 oportet,
1474 1688 1577 1736 quod
1606 1700 1727 1735 genus
1747 1687 1825 1724 vini

307 1753 425 1800 atque
454 1750 521 1788 ubi
549 1753 685 1788 natum
714 1751 765 1788 sit
793 1751 945 1800 aliaque
978 1750 1111 1788 multa.
1168 1749 1291 1800 Atqui
1325 1750 1522 1788 nonnullis
1556 1750 1596 1788 in
1632 1750 1831 1799 amphoris

305 1813 404 1851 nihil
432 1813 628 1851 indicatur
654 1813 730 1851 nisi
767 1827 843 1863 quo
880 1827 926 1851 ex
954 1813 1090 1850 vitium
1126 1826 1267 1863 genere
1303 1812 1434 1850 vinum
1467 1813 1613 1850 factum
1652 1813 1712 1851 sit.
1768 1812 1829 1850 Ex

307 1876 513 1926 generibus
552 1889 642 1914 vero
684 1876 850 1925 primum
896 1877 997 1925 apud
1036 1875 1233 1914 Romanos
1275 1875 1315 1913 in
1357 1875 1627 1914 auctoritatem
1668 1877 1830 1913 venerat

307 1952 535 1989 semperque
564 1939 853 1978 celeberrimum
882 1939 1069 1978 remansit
1097 1937 1419 1982 Amineum4).
1469 1937 1564 1976 Cum
1596 1939 1690 1976 vites
1718 1937 1829 1976 Ami-

394 2033 424 2070 1)
448 2032 600 2063 Fortuna
623 2032 773 2064 secunda
797 2031 996 2073 amphoram
1021 2031 1092 2063 eius
1117 2031 1199 2063 anni
1223 2033 1395 2063 servatam
1419 2041 1493 2063 esse
1516 2030 1634 2062 voluit.
1678 2030 1716 2061 In
1739 2029 1829 2061 collo

308 2085 398 2116 enim
433 2084 619 2125 amphorae
653 2083 805 2116 Faesulis
839 2085 997 2125 repertae
1031 2083 1078 2115 XI
1108 2084 1241 2121 6697,1
1277 2082 1376 2125 nigro
1411 2083 1524 2115 colore
1559 2082 1725 2123 scriptum
1758 2083 1829 2113 est:

308 2137 455 2177 B(onum
465 2137 495 2178 ‘?)
510 2138 524 2177 ΙΙ
539 2137 574 2168 L.
598 2136 761 2178 Op(imi0)
785 2137 822 2175 Q.
845 2136 979 2178 F(abio)
1003 2136 1178 2177 M(aximo)
1197 2141 1208 2173 ΙΙ
1225 2135 1433 2177 cos(ulibus).

394 2190 426 2229 2)
449 2189 495 2219 VI
517 2189 588 2220 275.
612 2188 685 2220 334.
708 2188 780 2221 802.
804 2189 878 2220 803.
915 2189 993 2220 VIII
1017 2189 1088 2220 774.
1126 2187 1156 2218 X
1178 2188 1237 2220 831
1263 2199 1312 2228 sq.
1336 2187 1398 2219 835
1423 2198 1472 2227 sq.
1512 2187 1559 2218 XI
1581 2187 1632 2219 87.
1669 2186 1731 2217 XII
1754 2186 1828 2217 594.

308 2242 380 2273 596.
405 2241 477 2272 728.
507 2240 587 2272 XIII
610 2240 779 2282 imprimis
801 2241 873 2272 405.
899 2241 970 2272 513.
995 2241 1057 2272 659
1081 2242 1116 2272 et
1138 2241 1188 2272 32.
1212 2240 1263 2272 33.
1288 2241 1338 2272 36.
1362 2241 1412 2271 57.
1436 2240 1477 2271 64
1497 2239 1562 2271 bis.
1585 2239 1636 2271 84.
1662 2238 1731 2270 186.
1755 2238 1829 2269 224.

309 2294 380 2324 244.
405 2294 476 2324 261.
501 2293 572 2325 283.
596 2293 667 2325 285.
691 2294 762 2325 291.
786 2294 857 2325 300.
883 2293 953 2325 308.
977 2294 1049 2325 404.
1074 2294 1144 2325 506.
1168 2294 1240 2324 514.
1264 2293 1335 2324 529.
1369 2293 1439 2324 773.
1473 2292 1544 2323 788.
1579 2291 1649 2323 789.
1681 2290 1743 2322 825
1768 2290 1828 2321 bis.

308 2346 380 2378 832.
406 2345 498 2378 1031.
523 2346 614 2377 1049.
640 2345 731 2377 1053.
755 2345 832 2377 XIV
855 2346 905 2377 20.
929 2347 978 2377 25.
1003 2346 1052 2377 27.
1076 2345 1126 2378 28.
1151 2346 1201 2377 29.
1226 2346 1275 2377 77.

393 2399 425 2439 3)
449 2398 511 2430 XII
535 2399 606 2430 763.
631 2399 700 2430 774.
726 2398 797 2430 786.
820 2398 898 2430 XIII
920 2398 970 2430 88.
996 2399 1066 2431 184.
1089 2400 1160 2431 259.
1185 2399 1256 2430 304.
1280 2399 1352 2430 310.
1376 2398 1447 2429 345.
1471 2397 1534 2428 524
1555 2396 1619 2427 bis.
1650 2395 1720 2428 541.
1753 2395 1826 2426 590.

311 2452 391 2483 1019
414 2451 478 2483 bis.
504 2451 594 2483 1020.
621 2451 712 2482 1021.
736 2450 812 2482 XIX
836 2451 906 2482 736.
942 2451 1004 2491 (De
1026 2450 1114 2482 vinis
1138 2450 1267 2482 Italicis
1293 2450 1336 2482 cf.
1362 2449 1465 2481 etiam
1489 2448 1676 2480 Lumbroso
1699 2447 1742 2479 ad
1764 2446 1829 2479 Ex-

309 2514 383 2546 pos.
405 2506 467 2536 tot.
491 2504 610 2536 mundi
633 2515 663 2536 v.
687 2504 773 2544 427.)

393 2557 427 2597 4)
450 2556 498 2588 cf.
524 2557 608 2588 Cato
633 2568 658 2588 r.
685 2567 711 2587 r.
734 2556 781 2587 VI
803 2558 841 2593 4;
865 2556 926 2586 VII
952 2557 986 2591 1;
1017 2556 1087 2587 CVI
1110 2557 1138 2587 2.
1163 2556 1271 2587 Varro
1294 2555 1309 2585 Ι
1332 2556 1390 2591 25;
1414 2554 1458 2584 VI
1482 2554 1511 2584 4.
1551 2553 1680 2594 Vergil.
1704 2553 1830 2593 Georg.

314 2610 343 2640 II
367 2610 417 2641 97.
451 2609 580 2641 Colum.
604 2609 649 2641 111
673 2611 701 2648 2,
727 2610 755 2641 7.
780 2608 863 2641 ibid.
890 2609 928 2640 10
951 2610 986 2640 et
1009 2609 1065 2645 28;
1094 2607 1178 2640 ibid.
1202 2609 1229 2645 7,
1253 2608 1288 2645 23
1313 2608 1342 2645 9,
1366 2608 1394 2638 2.
1427 2606 1488 2637 XII
1514 2606 1561 2642 19,
1576 2606 1604 2637 2.
1627 2605 1710 2637 ibid.
1732 2606 1783 2643 41,
1801 2606 1828 2637 1.

312 2661 399 2694 Plin.
424 2662 463 2694 N.
486 2663 526 2695 H.
551 2662 628 2693 XIV
651 2663 701 2694 21.
726 2662 776 2694 22.
799 2662 850 2693 41.
875 2662 925 2693 46.
950 2662 999 2692 95.
1025 2660 1143 2693 Galen.
1167 2660 1244 2692 XIV
1268 2661 1317 2692 16.
1341 2660 1412 2691 581.
1437 2658 1482 2690 VI
1505 2658 1576 2690 337.
1600 2659 1670 2691 806.
1702 2658 1732 2690 X
1755 2658 1829 2690 833.

311 2715 383 2747 835.
407 2715 453 2746 XI
475 2716 548 2746 441.
573 2715 635 2746 XII
657 2715 729 2746 931.
754 2715 833 2746 XIII
859 2714 927 2746 101.
952 2714 1022 2745 219.
1047 2714 1117 2745 265.
1142 2714 1214 2745 289.
1237 2714 1308 2744 324.
1333 2713 1405 2744 525.
1430 2712 1500 2743 659.
1523 2711 1654 2743 Pallad.
1678 2711 1722 2742 III
1745 2711 1774 2748 9,
1797 2711 1830 2741 4.

312 2767 446 2800 Oribas.
470 2767 499 2798 V
522 2769 541 2800 6
563 2779 597 2809 p.
613 2768 684 2799 349.
