2097 3191
930 232 1194 270 -36-

302 347 339 383 p.
362 331 451 371 Chr.
473 347 510 371 n.
532 334 688 373 saeculo
717 335 913 387 scriptam,
944 350 1021 387 qua
1059 336 1129 374 ‘the
1165 338 1290 375 writer
1317 336 1545 387 Proc(l)eius
1573 340 1738 385 reque-§ts
1763 337 1824 378 his

302 396 590 444 correspondent
626 400 662 435 to
698 398 792 436 send
818 411 842 436 a
878 400 1037 449 suppley
1064 399 1109 447 of
1128 400 1246 449 druys
1282 400 1359 438 and
1394 413 1522 439 warns
1558 400 1636 439 him
1672 403 1824 450 ayainst

303 459 463 508 sendiny
491 463 611 498 rotten
639 461 737 508 stuff
759 461 947 510 (σαπρόν),
978 462 1097 500 which
1117 463 1195 500 will
1221 466 1285 500 not
1305 476 1404 511 pass
1430 466 1571 502 muster
1597 466 1635 501 in
1658 465 1824 502 Alexan-

301 522 400 560 dria’
441 524 501 573 (Β.
545 524 598 562 M.
644 524 786 574 Papyri
825 524 900 562 No.
945 523 1153 572 CCCLVI).
1211 525 1399 565 Similiter
1442 541 1592 579 papyro
1639 527 1820 576 (Mitteis-

304 587 485 625 Wilcken
515 588 594 626 112
616 588 689 626 No.
712 587 804 636 339)
834 592 1027 628 mercator
1055 603 1129 634 res,
1173 602 1270 639 quas
1300 591 1466 627 ‘miserat
1499 589 1696 628 Cornelius
1726 590 1819 628 Ger·

303 662 442 688 manus
462 651 698 697 procurator
728 651 823 697 eius,
854 665 894 691 se
914 652 1056 690 ‘salbas
1083 664 1203 690 sanas
1220 652 1411 702 recepisse'
1440 653 1549 697 dicit;
1580 654 1675 692 mari
1695 657 1823 693 autem

304 727 448 753 merces
478 714 662 753 advectae
691 728 775 754 esse
804 716 993 761 videntur,
1024 729 1111 755 cum
1137 716 1370 755 trierarchus
1407 716 1563 766 quidam
1591 718 1821 756 nominetur.

411 838 652 889 Quicumque
694 841 739 878 de
779 839 1100 890 inscriptionibus
1140 843 1178 879 et
1230 840 1420 891 imprimis
1462 841 1507 880 de
1548 841 1822 891 'amphorarum

305 902 430 940 titulis
470 902 737 952 quaestionem
778 902 1027 941 instituturus
1069 906 1138 948 est,
1181 916 1268 941 eum
1311 904 1486 953 exempla
1513 904 1599 955 ipsa
1639 905 1823 943 materiae

304 966 529 1003 tractandae
559 965 682 1004 oculis
710 968 789 1003 suis
816 966 1029 1014 inspexisse
1059 970 1174 1015 atque
1208 980 1338 1004 coram
1367 967 1604 1006 examinasse
1642 971 1823 1016 oportere

304 1029 381 1066 iam
423 1042 540 1078 supra
582 1029 977 1068 commemoravimus.
1035 1028 1182 1075 Quodsi
1223 1028 1413 1080 equidem,
1450 1031 1521 1069 etsi
1548 1030 1653 1069 haud
1679 1030 1822 1069 multas

305 1094 510 1143 amphoras
538 1094 818 1143 praetereundo
852 1098 891 1131 et
919 1093 1031 1142 quasi
1058 1107 1129 1142 per
1164 1096 1412 1131 transennam
1439 1093 1602 1131 Londini
1639 1094 1719 1132 sive
1747 1094 1822 1132 Lu-

306 1156 422 1195 tetiae
459 1156 697 1195 Parisiorum
733 1155 772 1194 in
808 1155 952 1194 museis
989 1155 1233 1206 perlustravi,
1263 1159 1390 1194 tamen
1432 1155 1529 1195 hanc
1558 1156 1823 1207 quaestionem

307 1220 575 1259 difficillimam
605 1220 797 1270 attingere
825 1235 941 1258 ausus
970 1234 1065 1264 sum,
1096 1219 1310 1258 excusabor
1337 1219 1369 1257 si
1394 1218 1572 1257 omnibus
1600 1219 1821 1269 inscriptio-

305 1284 418 1322 nibus
455 1283 495 1321 in
531 1297 649 1321 unum
686 1282 839 1322 collatis
868 1304 918 1310 -
945 1283 1079 1321 titulos
1107 1282 1233 1332 pictos
1274 1282 1358 1321 dico
1388 1303 1438 1309 —
1467 1285 1506 1321 et
1535 1283 1583 1321 ad
1617 1282 1823 1321 nonnullas

305 1347 450 1385 rectius
486 1346 797 1396 interpretandas
831 1350 870 1384 et
898 1347 945 1383 ad
982 1345 1155 1395 singulas
1193 1344 1360 1394 amplius
1394 1345 1641 1394 explicandas
1679 1345 1823 1396 aliquid

305 1409 518 1458 profecisse
547 1408 716 1447 videbor.
775 1407 1016 1459 Quamquam
1050 1407 1151 1446 enim
1187 1407 1353 1446 multum
1383 1408 1504 1454 abest,
1542 1411 1586 1447 ut
1612 1411 1693 1446 tam
1719 1408 1822 1447 bono

305 1486 391 1510 cum
421 1473 551 1510 fructu
580 1476 697 1521 atque
717 1474 826 1510 tanta
846 1471 928 1509 eius
956 1470 1142 1509 materiae
1163 1470 1323 1508 scientia
1350 1484 1411 1509 me
1437 1471 1705 1520 quaestionem
1733 1484 1822 1520 per-

306 1535 533 1575 tractavisse
573 1549 830 1586 praesumam,
875 1538 1020 1584 quanta
1063 1534 1260 1579 Dresselii,
1304 1533 1568 1581 Hirschfeldii,
1610 1534 1742 1580 Mauii,
1781 1537 1824 1572 ut

307 1599 402 1638 alios
430 1598 748 1649 praetermittam,
777 1613 838 1637 res
868 1599 1189 1648 disceptaverunt,
1220 1601 1349 1635 tamen
1377 1610 1442 1636 eos
1471 1597 1728 1647 potissimum,
1758 1598 1823 1647 qui

305 1662 442 1700 harum
478 1676 607 1701 rerum
648 1662 922 1700 difficultatum
951 1662 1055 1699 haud
1097 1661 1224 1712 ignari
1252 1661 1340 1706 sint,
1382 1661 1662 1712 indulgentiam
1705 1663 1821 1711 atque

307 1725 457 1763 veniam
490 1724 609 1763 tironi
636 1738 713 1763 non
743 1725 1002 1775 denegaturos
1032 1738 1114 1763 esse
1144 1737 1257 1774 spero
1287 1727 1402 1773 atque
1431 1724 1594 1762 confido.
