2097 3191
910 229 1142 265 „4—

273 336 436 374 duorum
465 335 525 373 vel
553 334 670 373 trium
698 333 847 372 milium
878 333 1106 382 amphorum
1121 330 1161 380 ¹).
1219 331 1303 371 Nec
1335 345 1413 370 non
1449 331 1616 381 operarii
1651 333 1789 381 portus

274 399 427 449 forique
447 397 676 448 simpliciter
695 395 977 445 ἀμφορεαφὸροι
997 397 1238 435 vocabantur
1258 395 1370 442 (Poll.
1392 394 1467 433 Vll
1485 393 1572 444 30);
1603 395 1652 433 cf.
1673 394 1789 433 etiam

270 464 562 501 monumentum
592 458 670 510 (ap.
700 459 956 505 Baumeister‚
984 459 1221 498 Denkmiiler
1241 459 1275 497 d.
1305 459 1356 496 kl.
1388 457 1466 496 Alt.
1495 459 1574 496 tab.
1605 457 1723 504 1688)
1750 456 1790 495 in

271 538 347 575 quo
375 524 490 563 homo
521 523 750 572 amphoram
780 524 895 562 dorso
924 537 968 561 ex
996 523 1087 561 navi
1119 523 1167 560 ad
1196 523 1320 572 ripam
1356 515 1518 572 portans
1553 535 1639 559 cum
1666 521 1791 559 tribus

267 586 408 637 puellis
443 585 633 635 liquorem
670 585 841 637 aliquem
880 599 926 624 ex
964 585 1152 636 amphora
1182 584 1471 624 effundentibus
1499 582 1788 633 conspicitur2).

266 648 357 687 Alia
396 649 436 686 in
471 648 606 687 tabula
647 648 687 698 (a
730 648 877 688 Jahnio
919 649 1034 694 edita,
1077 648 1165 687 Ber.
1214 649 1248 686 d.
1288 647 1420 686 Siichs.
1451 647 1657 686 Gesellsch.
1689 646 1788 685 1867

274 726 310 761 p.
341 710 406 759 78)
436 711 553 749 etiam
583 724 708 762 grana
737 711 937 762 amphoris
971 712 1101 750 infusa
1128 725 1174 749 ex
1203 711 1308 762 agris
1344 710 1384 749 in
1412 710 1596 748 horreum
1629 709 1791 748 convehi

267 775 452 813 videmus.
529 773 627 813 Cum
669 778 799 814 autem
839 790 933 814 usus
978 775 1254 825 amphorarum
1296 778 1428 813 tantus
1468 777 1624 822 tamque
1664 773 1793 811 varius

266 836 395 883 fuerit,
424 836 542 876 facile
578 837 663 876 fieri
681 838 822 888 potuit,
853 842 896 876 ut
916 839 1190 888 amphorarum
1210 836 1443 888 fragmentis
1461 836 1501 875 in
1519 850 1639 874 unum
1665 836 1793 874 locum

269 900 467 951 congestis
492 900 596 940 haud
623 901 764 953 procul
794 902 841 940 ab
869 901 1055 952 Emporio
1084 901 1191 940 urbis
1220 901 1366 940 Romae
1395 900 1497 939 haud
1525 913 1669 950 parvae
1701 899 1792 938 alti-

267 963 411 1001 tudinis
451 977 564 1002 mons
594 964 809 1002 Testaceus
852 967 1115 1003 exstrueretur
1157 967 1196 1002 et
1237 977 1323 1002 cum
1365 963 1450 1001 aliis
1492 963 1531 1001 in
1569 962 1792 1013 regionibus

270 1025 424 1075 imperii
452 1026 619 1065 Romani
646 1029 729 1065 tum
758 1026 923 1065 maxime
952 1027 1134 1076 Pompeis
1163 1027 1203 1065 in
1242 1027 1391 1064 horreis
1428 1025 1613 1075 cellisque
1643 1039 1791 1063 merca-

272 1091 402 1126 torum
430 1088 707 1139 hominumque
735 1090 976 1139 privatorum
1004 1089 1190 1140 reliquiae
1221 1089 1492 1140 amphorarum
1521 1101 1591 1126 seu
1617 1089 1790 1138 integrae

274 1152 482 1202 amphorae
511 1152 607 1192 satis
636 1153 781 1192 multae
809 1153 1074 1192 invenirentur
1103 1156 1218 1202 atque
1248 1153 1372 1191 adhuc
1402 1152 1656 1191 inveniantur.

380 1215 455 1254 Sed
482 1218 527 1254 ut
545 1229 829 1266 cognoscamus
850 1217 941 1265 quid
962 1216 1173 1266 amphorae
1192 1216 1282 1254 novi
1304 1216 1469 1254 doceant
1488 1215 1534 1252 de
1553 1214 1791 1259 commercio,

277 1278 349 1316 hac
376 1278 464 1328 ipsa
492 1292 533 1317 re
564 1279 719 1318 excellit
747 1279 945 1329 amphora,
976 1279 1079 1328 quod
1108 1282 1152 1316 ut
1170 1278 1302 1316 Plauti
1322 1278 1440 1316 verbo
1459 1281 1547 1316 utar
1565 1278 1681 1325 (Rud.
1701 1279 1793 1324 478)

277 1340 492 1378 ‘litteratast
512 1354 523 1378 .·
541 1352 652 1388 eapse
680 1344 808 1379 cantat
834 1342 946 1389 quoia
973 1342 1047 1378 εἰτ’.
1096 1341 1260 1379 Inscribi
1288 1341 1388 1379 solet
1416 1343 1483 1378 aut
1509 1340 1624 1379 titulo
1652 1341 1792 1379 ornari.

268 1403 400 1454 Atque
426 1403 541 1442 multi
561 1405 779 1455 scriptores
798 1404 1083 1454 inscriptiones,
1103 1407 1228 1450 notas,
1249 1404 1396 1450 titulos,
1426 1407 1603 1450 tesseras,
1633 1404 1795 1454 pittacia

266 1466 315 1504 iis
342 1466 466 1505 indita
493 1480 578 1506 esse
608 1468 774 1506 tradunt
804 1467 870 1515 (cf.
891 1468 1015 1506 Morel
1046 1482 1106 1518 ap.
1127 1467 1528 1518 Daremberg-Saglio
1555 1467 1581 1505 l.
1602 1467 1657 1516 l.).
1700 1467 1794 1505 Cum

270 1543 360 1568 vero
388 1530 552 1580 pittacia
590 1534 837 1582 tesseraeque
874 1530 1071 1581 perierint,
1111 1531 1223 1570 nobis
1262 1532 1307 1570 de
1342 1532 1500 1582 reliquis
1536 1532 1794 1582 quaerendum

267 1595 334 1630 est.
382 1593 513 1643 Atque
542 1594 838 1644 inscriptionum
867 1595 1037 1633 omnium
1066 1595 1183 1644 longe
1213 1595 1404 1644 plurimae
1431 1598 1522 1633 sunt
1550 1595 1680 1646 sigilla
1708 1595 1787 1645 sig-

268 1655 407 1693 naculo
437 1656 664 1707 plerumque
692 1657 733 1694 in
763 1657 878 1703 ansis,
908 1657 1100 1695 interdum
1132 1660 1198 1695 aut
1227 1658 1266 1695 in
1295 1657 1397 1695 collo
1427 1660 1493 1695 aut
1511 1658 1550 1694 in
1569 1660 1702 1695 ventre
1729 1660 1795 1695 aut

265 1718 304 1755 in
340 1718 437 1768 pede
465 1719 685 1758 acuminato
714 1720 915 1769 impressa.
962 1720 1107 1758 Multae
1128 1724 1256 1758 autem
1285 1720 1494 1770 amphorae
1514 1719 1631 1758 etiam
1658 1720 1795 1758 titulos

268 1781 496 1832 plerumque
541 1781 581 1820 in
620 1785 755 1821 ventre
797 1783 943 1832 pictos,
985 1797 1132 1832 paucae
1175 1783 1266 1821 stilo
1314 1782 1556 1833 scariphatos
1602 1782 1794 1820 exhibent.

264 1842 404 1892 Neque
432 1844 658 1886 mirumest
686 1845 858 1895 plurima
889 1847 1040 1883 exstare
1070 1845 1200 1894 sigilla
1227 1845 1418 1895 impressa
1447 1857 1627 1882 ausorum
1660 1847 1795 1893 utpote

265 1906 478 1946 firmiorum
507 1921 550 1946 ac
595 1907 805 1954 duriorum,
842 1908 1008 1947 rariores
1045 1921 1248 1958 superesse
1281 1908 1554 1958 inscriptiones
1591 1907 1631 1946 in
1664 1910 1795 1946 ventre

266 1970 468 2021 fragiliore
495 1970 643 2020 pictas3
683 1971 834 2010 accedit
862 1972 966 2022 quod
994 1972 1066 2009 hae
1096 1971 1249 2009 etiamsi
1279 1973 1431 2010 exstant
1468 1984 1585 2020 saepe
1613 1971 1691 2021 legi
1717 1985 1795 2009 non

265 2036 442 2084 possunt,
472 2048 560 2074 cum
587 2034 742 2074 litterae
763 2037 989 2074 atramento
1019 2048 1086 2074 seu
1115 2034 1281 2074 carbone
1310 2049 1379 2074 seu
1416 2048 1545 2074 cressa
1579 2049 1647 2074 seu
1673 2035 1793 2074 minio

267 2112 333 2136 seu
375 2098 488 2136 viridi
527 2101 594 2136 aut
630 2099 720 2137 albo
757 2102 822 2136 aut
866 2099 982 2137 rubro
1018 2098 1145 2137 colore
1180 2098 1308 2148 pictae
1348 2099 1451 2136 haud
1485 2112 1572 2137 raro
1609 2099 1793 2136 evanidae

266 2160 344 2199 sint
370 2161 431 2199 vel
459 2161 615 2200 omnino
645 2161 867 2200 exstinctae.

576 2295 647 2342 De
677 2294 867 2353 sigillis
892 2295 1163 2354 signaculo
1192 2294 1477 2354 impressis.

377 2395 473 2434 Cum
510 2396 549 2434 in
579 2395 720 2448 sigillis
760 2395 963 2448 signaculo
999 2396 1200 2447 impressis
1244 2396 1414 2448 figlinae,
1457 2396 1578 2443 fundi,
1624 2396 1793 2447 praedia,

270 2459 398 2503 urbes,
429 2459 589 2504 domini,
621 2459 734 2504 servi,
765 2459 905 2504 liberti,
942 2461 1219 2505 officinatores,
1250 2460 1464 2505 diffusores,
1495 2463 1690 2498 curatores
1719 2461 1796 2497 cel-

266 2521 404 2567 larum,
446 2521 536 2568 viri,
579 2521 780 2569 mulieres,
824 2525 1059 2562 mercatores
1100 2522 1248 2572 singuli
1291 2523 1352 2562 vel
1395 2522 1490 2562 socii
1530 2521 1789 2569 nominentur,

271 2584 459 2622 nonnulla
484 2585 592 2622 milia
632 2585 851 2635 sigillorum
885 2599 983 2634 quae
1012 2585 1283 2624 diversissimis
1318 2586 1356 2623 in
1393 2586 1507 2623 terris
1543 2588 1652 2623 eruta
1689 2589 1790 2631 sunt,

352 2693 383 2733 1)
406 2693 455 2724 cf.
478 2693 565 2724 Plin.
589 2693 627 2725 N.
651 2694 692 2725 H.
715 2694 761 2725 VI
784 2694 825 2725 82
855 2695 1000 2726 ‘navium
1030 2695 1224 2735 maym'tudo
1257 2695 1302 2727 ad
1335 2698 1428 2726 terna
1450 2694 1543 2725 milia
1571 2694 1785 2735 amphorum'.

265 2743 335 2776 Cic.
359 2744 458 2786 epist.
484 2745 532 2782 12,
557 2745 606 2783 15,
631 2746 650 2777 2
684 2748 792 2777 ‘naves
825 2746 1006 2784 onerarias,
1037 2756 1177 2787 quarum
1200 2747 1308 2778 minor
1328 2746 1421 2778 nulla
1443 2749 1514 2778 erat
1535 2746 1637 2778 duum
1660 2745 1787 2778 milium

263 2797 479 2837 amphorum'.
645 2798 677 2837 2)
701 2797 751 2829 cf.
774 2798 881 2838 tab.p.
906 2799 934 2829 3.
