2097 3191
903 178 1165 214 -18—

277 282 374 321 VIH
411 282 448 321 S.
478 282 536 320 III
575 283 714 326 22640,
733 282 794 318 21.
833 282 893 318 22.
930 280 991 323 26,
1034 278 1273 318 Vesuvinum
1308 279 1399 318 ibid.
1438 280 1501 325 31,
1545 279 1805 318 Puteolanum

280 346 372 384 ibid.
403 347 470 390 20;
500 346 540 383 in
560 343 806 383 Germaniam
835 342 1020 381 Calenum
1048 341 1145 380 XIII
1174 343 1198 380 3
1217 341 1236 379 I
1267 343 1406 388 10005,
1424 343 1486 381 21.

387 410 418 446 Ε
448 407 579 446 Sicilia
612 408 799 453 ‘quartum
828 406 1057 442 curriculum
1081 404 1247 452 publicis
1274 405 1396 451 epulis
1433 407 1623 453 optinuere
1659 417 1683 442 a
1716 404 1801 442 divo

278 473 391 511 Iulio'
421 472 461 509 M
476 484 550 508 am
566 483 585 507 e
601 468 731 518 r(tin
748 468 784 517 a)
813 469 910 507 VIII
939 469 976 507 S.
1007 468 1066 506 III
1095 469 1236 513 22640,
1265 469 1314 506 60
1345 469 1456 505 ‘circa
1482 468 1709 506 Messanam
1729 495 1737 504 .
1759 497 1768 506 .
1792 496 1804 504 .

275 535 413 583 yenita’
444 532 557 580 (Plin.
591 531 641 569 N.
663 531 712 569 H.
743 531 832 569 XIV
863 531 941 580 66).
999 532 1076 570 Pro
1107 530 1348 568 Mamertinis
1385 530 1610 580 plerumque
1646 530 1804 569 subdita

279 599 368 636 sunt
406 594 520 642 (Plin.
560 592 667 645 ibid.)
707 594 1140 644 Taur(omenitan
1154 592 1191 643 a)
1231 594 1287 632 IV
1320 608 1357 645 p.
1392 594 1430 632 II
1465 594 1725 632 5563-5568
1762 593 1802 632 in

278 660 440 699 collibus
470 659 639 698 eiusdem
668 659 836 698 nominis
871 662 976 704 nata,
1002 660 1067 709 qui
1094 658 1213 697 vitem
1253 659 1459 706 ‘euyeniam
1480 688 1487 694 .
1510 686 1518 694 .
1541 687 1548 694 .
1578 669 1660 694 cum
1695 669 1803 706 yene-

275 724 444 760 rositatis
471 723 686 769 coquomiree
714 724 848 759 misere
876 721 1027 759 Albano
1049 749 1057 758 .
1081 751 1089 758 .
1108 721 1210 769 ayro'
1239 721 1303 771 (N.
1325 722 1376 760 H.
1407 721 1499 759 XIV
1519 719 1596 770 25).
1654 718 1799 759 Vinum

277 785 723 836 Mesopotamium
752 784 846 823 VIII
876 785 915 823 S.
936 785 994 823 III
1023 786 1165 831 22640,
1183 786 1217 831 8,
1247 787 1350 836 quod
1379 785 1626 824 Villefossius
1661 797 1803 823 nomen

277 848 472 898 accepisse
501 849 667 898 putabat
695 863 716 884 a
744 848 1029 898 Mesopotamio
1063 849 1148 887 loco
1186 849 1381 887 maritimo
1413 849 1515 887 inter
1542 847 1802 898 Agrigentum

276 915 315 950 et
343 911 554 962 Syracusas
584 911 660 950 sito
688 911 752 957 (It.
785 911 875 949 Ant.
915 926 952 961 p.
986 912 1036 950 96
1065 912 1224 960 Wess.),
1263 927 1285 950 a
1313 913 1420 951 nullo
1455 911 1642 962 scriptore
1675 910 1803 949 nomi-

275 978 401 1013 natur.
460 975 643 1013 Fortasse
681 975 781 1012 idem
811 973 1055 1025 significatur
1082 974 1212 1012 vinum
1249 975 1290 1013 in
1328 975 1524 1025 amphoris
1552 973 1804 1024 Pompeianis

274 1038 339 1076 Me
367 1038 423 1076 IV
444 1038 548 1076 2602
578 1040 617 1076 et
645 1037 740 1076 Mes.
771 1038 886 1084 2603,
928 1039 1000 1077 nisi
1031 1039 1133 1077 forte
1163 1038 1377 1090 Mesogites
1406 1038 1520 1085 (Plin.
1549 1038 1598 1076 N.
1628 1038 1678 1076 H.
1708 1037 1802 1075 XIV

279 1102 328 1139 75
346 1101 574 1151 Mesogites,
591 1101 692 1149 quod
707 1102 854 1147 ‘capitis
868 1101 1013 1138 dolores
1025 1104 1147 1147 tacere
1165 1104 1388 1148 compertum
1402 1101 1484 1149 est’)
1502 1100 1803 1150 intellegendum

276 1167 347 1202 est.
405 1163 559 1202 Titulos
590 1164 686 1201 duos
716 1164 989 1202 Mamertinum
1021 1168 1059 1202 et
1079 1164 1403 1214 Mesopotamium
1431 1165 1469 1201 in
1491 1162 1687 1213 amphoris
1708 1162 1805 1200 Car-

275 1226 437 1276 thagine
465 1225 629 1275 repertis
666 1226 744 1274 legi
783 1227 886 1264 haud
914 1226 1053 1264 mirum
1083 1229 1152 1271 est,
1195 1240 1282 1265 cum
1311 1226 1456 1270 Africa,
1500 1239 1599 1276 quae
1636 1225 1802 1263 multum

278 1288 357 1327 vini
386 1302 432 1343 ex
469 1287 631 1339 reliquis
660 1288 797 1327 Italiae
835 1289 1043 1338 provinciis
1074 1289 1303 1340 (Campania
1331 1292 1369 1328 et
1396 1288 1522 1338 Latio)
1551 1288 1805 1339 importabat,

280 1352 362 1391 sine
391 1352 507 1390 dubio
537 1351 654 1390 etiam
682 1365 729 1390 ex
749 1351 881 1390 Sicilia
908 1352 1085 1402 proxime
1110 1354 1185 1391 sita
1204 1366 1346 1403 genera
1364 1353 1576 1391 celebriora
1595 1351 1802 1390 advexerit.

385 1415 610 1454 Auctoritas
640 1416 810 1454 secunda
837 1415 947 1455 Latio
976 1416 1198 1467 provinciae
1227 1421 1309 1456 erat
1338 1420 1377 1455 et
1403 1415 1593 1467 imprimis
1622 1415 1657 1454 ei
1685 1415 1801 1465 parti,

277 1492 374 1528 quae
404 1492 499 1525 agro
531 1478 697 1517 Falerno
730 1479 856 1517 vicina
884 1483 977 1517 erat.
1035 1479 1282 1528 Fal(ernum)
1311 1478 1562 1528 Mamaeum)
1592 1479 1664 1517 XV
1684 1479 1799 1524 4554,

277 1541 533 1589 Petr(ineuse)
563 1541 638 1579 XV
659 1542 774 1586 4625,
805 1541 1057 1579 Formianum
1084 1543 1141 1581 IV
1169 1558 1205 1593 p.
1228 1543 1266 1580 11
1295 1543 1410 1587 5577,
1440 1555 1538 1593 quae
1566 1541 1605 1580 in
1634 1542 1804 1580 confinio

277 1604 558 1655 gignebantur,
603 1605 682 1642 iam
724 1619 842 1654 supra
884 1606 1279 1644 commemoravimus.
1349 1605 1604 1655 Temporibus
1646 1604 1801 1642 Horatii

278 1666 306 1705 C
323 1680 346 1704 a
361 1679 381 1704 e
397 1666 432 1714 (c
447 1680 472 1703 u
487 1666 512 1703 b
529 1665 568 1714 o)
598 1666 672 1704 XV
692 1667 796 1704 4545
819 1668 1062 1714 ‘qenerositas
1090 1667 1324 1704 celeberrima
1352 1668 1456 1712 erat’,
1487 1668 1588 1717 quod
1618 1668 1670 1703 ‘in
1681 1666 1799 1713 palu-

278 1728 421 1766 stribus
442 1728 633 1776 populetis
661 1730 771 1766 sinus
798 1729 1042 1777 Amynclani’
1070 1731 1319 1774 nascebatur3
1350 1731 1416 1768 sed
1434 1729 1588 1768 Nerone
1616 1732 1802 1780 regnante

279 1792 370 1828 ‘iam
397 1790 585 1828 intercidit
621 1792 771 1829 incuria
811 1792 932 1829 coloni
973 1791 1112 1839 locique
1151 1794 1341 1840 anyustia,
1380 1793 1503 1840 mayis
1538 1794 1661 1829 tamen
1696 1791 1801 1838 fossa

276 1853 444 1891 Neronis
472 1866 586 1902 quam
613 1866 638 1891 a
665 1853 822 1892 Baiano
851 1855 935 1892 lacu
959 1853 1106 1892 Ostiam
1133 1867 1251 1902 usque
1277 1855 1528 1904 naviyabilem
1555 1854 1804 1892 iucohaverat’

277 1916 393 1964 (Plin.
425 1916 474 1955 N.
497 1917 545 1954 H.
566 1916 661 1955 XIV
681 1917 759 1966 61).
802 1917 920 1956 Fama
949 1917 1114 1956 Caecubi
1141 1918 1298 1956 transiit
1325 1918 1373 1956 ad
1402 1918 1428 1956 S
1444 1931 1464 1956 e
1479 1920 1496 1956 t
1513 1918 1579 1957 (in
1595 1916 1685 1965 um)
1707 1917 1802 1955 VIII

277 1979 314 2018 S.
345 1980 401 2018 III
429 1981 571 2025 22640,
589 1981 651 2025 30,
682 1981 785 2030 quod
817 1981 939 2018 ‘divus
967 1980 1168 2029 Auyustus
1188 2009 1196 2017 .
1219 2012 1227 2020 .
1249 2011 1257 2018 .
1284 1981 1467 2028 praetulit
1495 1982 1637 2017 cunctis
1665 1983 1698 2017 et
1724 1979 1802 2027 fere

276 2044 391 2079 secuti
419 2045 508 2079 sunt
531 2044 737 2089 principes’
767 2043 881 2090 (Plin.
902 2043 951 2081 N.
973 2043 1022 2081 H.
1051 2043 1144 2081 XIV
1165 2043 1241 2091 61).
1300 2044 1388 2082 Una
1423 2057 1509 2082 cum
1550 2043 1805 2082 nobilissimis

275 2104 376 2143 vinis
418 2104 653 2155 Campaniae
704 2109 979 2145 enumerantur
1021 2105 1249 2144 ‘Albana
1280 2106 1503 2154 praedulcia
1544 2118 1588 2143 ac
1627 2118 1719 2143 rara
1760 2107 1802 2143 in

277 2168 452 2212 austero’‚
492 2182 590 2216 quae
627 2168 689 2204 ‘ad
724 2170 873 2205 tertiam
902 2169 1076 2215 palmam
1113 2171 1215 2205 caric
1248 2169 1385 2206 vertere'
1427 2168 1492 2215 (N.
1524 2170 1574 2207 H.
1600 2168 1693 2206 XIV
1721 2169 1803 2215 64),

277 2228 507 2277 Alb(anum)
547 2228 733 2276 diffindit)
764 2230 896 2269 Ganus
933 2230 1125 2279 l(ibertus)
1154 2231 1227 2269 XV
1255 2233 1355 2270 4531
1402 2231 1606 2281 (amphora
1645 2229 1802 2269 exhibet

231 2316 234 2319 ⁴
276 2295 408 2331 notam
439 2293 527 2330 anni
555 2306 594 2342 p.
625 2292 711 2330 Chr.
741 2307 777 2331 n.
809 2294 886 2341 26).
946 2293 1075 2343 Atque
1115 2308 1201 2332 cum
1239 2298 1367 2333 cetera
1400 2295 1488 2332 vina
1515 2294 1663 2338 Latina,
1702 2306 1803 2342 quae

278 2355 394 2401 etiam
426 2354 595 2403 antiquis
616 2356 855 2404 temporibus
883 2357 1004 2394 multa
1032 2356 1154 2394 fuisse
1173 2357 1375 2406 probabile
1404 2361 1473 2401 est,
1505 2356 1649 2394 Romae
1676 2356 1804 2405 potis-

279 2417 419 2455 simum
435 2422 753 2455 consumerentur
771 2430 841 2456 nec
857 2419 1116 2468 peculiaribus
1129 2419 1232 2458 notis
1246 2419 1587 2468 distinguerentur,
1606 2418 1801 2457 Albanum

277 2483 316 2518 et
346 2480 385 2517 in
415 2479 607 2518 medicina
627 2478 793 2518 Falerno
821 2480 1110 2530 praeferebatur
1137 2482 1251 2528 (Plin.
1271 2482 1321 2520 N.
1343 2482 1392 2520 H.
1414 2480 1545 2519 XXIII
1564 2482 1614 2519 33
1635 2484 1802 2528 ‘sequens

275 2544 380 2579 aetas
409 2541 602 2579 Albanum
633 2544 700 2579 aut
724 2541 945 2579 Falernum’
975 2558 1027 2582 sc.
1048 2545 1242 2594 probavit,
1269 2544 1402 2582 XXIII
1421 2545 1471 2582 35
1493 2543 1659 2582 ‘Albana
1677 2545 1802 2581 nervis

274 2604 442 2649 utiliora,
473 2634 481 2641 .
504 2635 510 2641 .
534 2634 542 2642 .
564 2607 717 2643 austera
757 2604 813 2642 vel
841 2604 1008 2643 Falerno
1040 2607 1223 2654 utiliora')
1253 2613 1292 2646 et
1326 2622 1348 2645 a
1379 2607 1512 2646 multis
1549 2606 1801 2657 scriptoribus

275 2667 387 2706 valde
428 2666 714 2717 laudabaturl).
786 2668 938 2707 Minore
979 2670 1018 2707 in
1057 2670 1170 2708 laude
1213 2673 1323 2709 erant
1366 2670 1685 2709 Fundanum
1727 2668 1801 2707 XV

363 2741 392 2778 1)
416 2727 539 2771 StraBE
562 2740 593 2771 v
609 2740 686 2778 3‚6;
709 2740 791 2772 Hor.
816 2750 919 2771 carm.
943 2741 1006 2772 1111
1030 2742 1077 2779 11,
1092 2742 1107 2773 1
1122 2750 1174 2782 sq.
1199 2742 1465 2782 sat.118,16sq.
1490 2741 1675 2780 albanum,
1710 2740 1800 2771 Mae-
