2097 3191
926 222 1182 259 ,26-

299 326 478 364 Latinum
520 326 641 364 fuisse
670 325 859 369 existimo,
901 338 987 362 cum
1023 337 1160 374 garum
1200 338 1246 363 ex
1273 326 1392 375 pisce,
1431 327 1495 375 qui
1526 326 1667 364 Graece
1704 324 1819 373 γάρος

301 390 500 427 dicebatur
519 388 632 437 (Plin.
656 387 704 425 N.
726 387 773 424 H.
796 386 926 424 XXXI
945 387 1024 435 93),
1046 401 1068 424 a
1088 386 1244 425 Graecis
1264 401 1403 426 nomen
1423 389 1646 438 accepisset.
1687 382 1817 437 Atque

301 451 417 489 etiam
448 450 523 487 alia
565 450 713 487 ratione
748 462 793 486 ea
836 448 968 498 opinio
1015 450 1300 499 comprobatur.
1359 449 1453 488 Cum
1490 464 1625 501 garum
1663 449 1818 500 proprie

299 514 444 551 dictum
472 513 510 549 id
540 512 813 561 appellaretur,
853 512 953 561 quod
982 526 1028 550 ex
1063 512 1236 562 piscibus
1267 512 1462 550 concoctis
1498 512 1751 562 liquefactum
1779 516 1818 551 et

299 575 426 613 cribro
454 574 693 624 percolatum
731 577 814 612 erat
843 573 904 622 (de
943 575 1179 618 conficiendo
1209 574 1257 613 cf.
1289 574 1684 626 Daremberg-Saglio
1715 575 1816 614 Dict.

299 637 487 686 111459),
517 637 683 676 Romani
712 651 795 675 eam
826 639 1026 677 materiam
1059 637 1244 688 liquidam
1273 639 1441 677 breviter
1476 639 1672 689 liquamen
1700 653 1816 678 voca-

297 702 401 746 bant,
445 702 545 739 sicut
587 702 703 739 etiam
746 714 879 739 sucum
923 715 970 740 ex
1010 702 1105 752 piris
1141 702 1287 740 factum
1328 702 1523 752 liquamen
1565 702 1817 752 appellabant

297 764 458 812 (Pallad.
480 764 539 802 III
559 764 620 809 25,
640 764 717 812 12).
774 764 986 802 Residuum
1015 768 1145 803 autem
1174 765 1258 814 gari
1288 767 1408 812 ‘atque
1435 764 1649 812 imperfecta
1667 777 1732 802 nec
1759 777 1816 802 co-

295 827 373 863 lata
401 826 500 873 faeoe’
531 826 595 875 (N.
626 826 675 864 H.
696 826 828 865 XXXI
848 827 912 874 95)
934 828 1035 865 allex
1065 831 1157 873 erat,
1187 841 1263 877 quo
1284 829 1526 866 condimento
1556 827 1690 867 viliore
1719 829 1817 866 servi

294 889 541 938 potissimum
580 893 619 927 et
655 904 846 940 pauperes
882 892 1137 929 vescebantur
1174 890 1288 938 (Cato
1314 905 1344 928 r.
1365 905 1394 928 r.
1417 890 1493 938 58).
1551 891 1651 937 Quid
1687 894 1816 930 autem

294 953 418 990 muria
459 953 589 997 fuerit,
633 953 747 1001 plane
788 967 864 991 non
903 954 1036 1004 liquet.
1105 953 1342 1003 Liquaminis
1381 967 1503 1004 genus
1542 968 1588 993 ex
1626 954 1815 998 scombro,

292 1016 520 1065 plerumque
563 1019 691 1054 autem
721 1029 768 1054 ex
811 1016 969 1065 thynnis
999 1017 1074 1055 alio
1117 1017 1232 1055 modo
1276 1020 1393 1066 atque
1435 1017 1521 1054 aliis
1561 1016 1816 1055 condimentis

293 1081 409 1128 atque
430 1092 567 1127 garum
587 1079 806 1117 confectum
836 1079 958 1117 fuisse
980 1079 1141 1125 videtur,
1174 1093 1258 1117 cum
1290 1078 1460 1117 Galenus
1481 1079 1571 1127 (XII
1591 1079 1683 1128 377)
1704 1080 1815 1118 alteri

292 1141 389 1179 alias
417 1141 518 1179 vires
554 1141 742 1179 attribuat
757 1140 799 1189 ¹).

399 1204 554 1249 Garum,
586 1218 671 1241 cum
691 1203 851 1242 maioris
880 1205 994 1254 pretii
1017 1208 1119 1242 esset
1147 1218 1263 1253 quam
1287 1205 1416 1242 vinum
1446 1207 1511 1242 aut
1538 1218 1683 1242 merces
1704 1205 1813 1249 aliae,

296 1266 496 1318 amphoris
538 1267 749 1306 maioribus
792 1268 987 1306 conditum
1029 1282 1106 1307 non
1138 1271 1231 1313 erat,
1275 1269 1342 1306 sed
1383 1282 1569 1318 persaepe
1610 1268 1747 1314 urceis,
1776 1268 1815 1306 in

293 1330 436 1379 quibus
464 1330 568 1367 haud
598 1343 683 1367 raro
719 1330 773 1367 nil
802 1330 877 1367 nisi
907 1332 1061 1378 ‘yarurn’
1093 1335 1160 1368 aut
1190 1332 1285 1378 ‘yart'
1312 1331 1397 1377 slos’
1428 1334 1495 1368 aut
1524 1331 1723 1378 ‘liquamen
1751 1342 1813 1377 op-

293 1393 438 1430 timetm'
470 1393 540 1441 (IV
561 1392 839 1441 2589—2594)
871 1397 936 1431 aut
966 1393 1165 1441 ‘liquamen
1196 1395 1377 1441 primum'
1409 1393 1481 1441 (IV
1500 1392 1619 1442 2595)
1657 1394 1812 1445 legitur.

292 1456 408 1492 ‘Gari
434 1456 519 1502 flos’
539 1460 576 1494 et
607 1456 741 1504 ‘qm-(i)
769 1455 884 1504 f(los)
913 1455 995 1502 flos’
1018 1457 1074 1494 IV
1093 1471 1129 1506 p.
1152 1457 1189 1494 II
1211 1457 1323 1502 5673,
1346 1457 1410 1494 ubi
1432 1456 1523 1503 ‘flos'
1552 1457 1613 1494 bis
1634 1456 1812 1501 occurrit,

291 1519 392 1557 sicut
413 1518 486 1566 ‘laq
499 1549 501 1553 .
508 1518 578 1566 flos
606 1518 687 1566 flos’
703 1518 770 1557 IV.
792 1533 828 1568 p.
847 1519 885 1557 II
905 1519 1019 1565 5706,
1042 1519 1232 1569 optimum
1253 1519 1335 1558 eius
1355 1520 1410 1557 rei
1430 1532 1552 1570 genus
1572 1519 1812 1570 designabat.

292 1581 479 1620 Similiter
507 1582 608 1619 enim
646 1583 895 1632 praedicatur
922 1583 994 1621 flos
1023 1582 1112 1627 vini,
1152 1583 1238 1621 olei.
1278 1583 1402 1628 lactis,
1441 1583 1599 1627 farinae,
1632 1582 1811 1629 siliginis,

295 1645 399 1689 salis,
430 1645 548 1683 calcis
577 1645 740 1693 (pallad.
761 1645 780 1683 I
800 1646 919 1694 41,3).
977 1645 1084 1690 Quae
1112 1646 1197 1683 iura
1217 1659 1301 1683 cum
1329 1659 1472 1694 magno
1491 1645 1678 1689 venirent,
1706 1645 1813 1682 haud

293 1721 382 1745 raro
411 1708 451 1745 in
470 1707 595 1745 titulis
623 1707 828 1758 diligenter
856 1708 1092 1759 adscriptum
1122 1711 1191 1754 est,
1221 1709 1350 1758 qualia
1379 1708 1473 1746 sint:
1504 1708 1632 1746 hallex
1653 1711 1812 1757 optuma

292 1769 347 1808 IV
369 1785 406 1820 p.
428 1770 466 1808 II
486 1771 601 1814 5717,
631 1770 760 1808 hallex
803 1771 949 1820 optima
976 1771 1033 1809 IV
1052 1785 1090 1820 p.
1111 1771 1150 1808 II
1170 1772 1283 1815 5718,
1323 1769 1477 1820 mur(ia)
1520 1770 1690 1820 arg(uta)
1721 1784 1812 1808 exce

292 1832 422 1882 (llens)
450 1833 523 1871 flos
553 1832 618 1871 Cn.
649 1832 797 1872 Domiti
827 1833 1068 1882 Feli(c)i0nis
1098 1833 1171 1872 XV
1190 1835 1293 1872 4723
1322 1831 1565 1884 (vocabulum
1599 1832 1672 1871 AR
1692 1832 1720 1870 C
1742 1863 1749 1870 .
1772 1863 1780 1871 .
1802 1863 1810 1870 .

293 1897 395 1946 quod
415 1897 611 1946 integrum
632 1897 711 1947 legi
739 1911 816 1935 non
848 1897 975 1947 potuit
1003 1900 1041 1935 et
1070 1911 1145 1947 quo
1168 1897 1257 1946 quid
1296 1896 1535 1946 significetur
1563 1896 1720 1934 Dressel
1740 1896 1812 1933 XV

289 1960 390 1996 4741
432 1962 470 1997 et
498 1959 650 1997 Dessau
680 1960 818 1997 8597b
854 1960 1043 1998 incertum
1080 1962 1229 2009 putant,
1269 1958 1476 2006 ARGmta)
1511 1959 1812 2009 intellegendum

289 2036 372 2059 esse
399 2022 495 2059 mihi
536 2022 697 2067 videtur,
741 2022 790 2060 cf.
821 2036 919 2071 quae
948 2023 992 2060 ad
1037 2022 1232 2059 ‘laceatum
1273 2022 1458 2069 arqutum’
1498 2021 1576 2059 dixi
1604 2035 1632 2059 s.
1665 2035 1701 2071 p.
1724 2021 1810 2070 24);

292 2088 360 2122 aut
388 2086 489 2122 unde
517 2085 686 2123 factum:
717 2098 798 2135 gar.
820 2086 847 2123 f.
868 2086 940 2123 fios
959 2085 1173 2133 muren(ae)
1199 2085 1256 2122 IV
1274 2099 1311 2134 p.
1333 2085 1372 2122 II
1392 2085 1506 2130 5673,
1537 2097 1573 2135 g.
1594 2084 1621 2122 f.
1644 2084 1811 2122 scombri

288 2148 344 2185 IV
370 2161 405 2196 p.
426 2147 759 2193 115679—5682,
802 2148 1029 2199 liqu(amen)
1073 2162 1110 2198 g.
1132 2148 1158 2186 f.
1192 2148 1360 2186 scombri
1401 2147 1493 2186 ibid.
1522 2147 1643 2189 5683:
1685 2150 1751 2185 aut
1788 2161 1810 2185 a

288 2224 364 2260 quo
412 2210 630 2249 conditum:
680 2211 859 2260 murfiae)
906 2211 1015 2259 f(los)
1062 2212 1102 2249 L.
1147 2211 1281 2250 Aimili
1327 2210 1547 2260 (P)udentis
1590 2211 1662 2248 XV
1695 2212 1808 2256 4721,

288 2272 468 2322 (m)uriae
497 2273 605 2322 f(los)
645 2275 693 2311 ab
730 2274 928 2313 Umbricia
955 2274 1012 2313 IV
1030 2289 1067 2325 p.
1090 2275 1127 2313 II
1159 2275 1273 2320 5723,
1303 2288 1340 2325 g.
1362 2274 1389 2312 f.
1421 2275 1587 2313 scombri
1622 2274 1810 2324 optimum

288 2351 335 2375 ex
366 2337 524 2375 officina
553 2337 600 2375 A.
632 2337 805 2376 Umbrici
834 2337 1047 2376 Abascanti
1067 2338 1123 2376 IV
1143 2352 1180 2388 p.
1202 2338 1241 2376 II
1261 2338 1375 2376 5689.
1434 2337 1641 2375 Praeterea
1673 2350 1810 2387 garum

288 2400 498 2438 secundum
540 2403 747 2450 praecepta
788 2401 987 2439 hominum
1030 2401 1269 2450 quorundam
1298 2401 1445 2438 factum
1488 2414 1571 2438 esse
1604 2399 1808 2445 indicatur,

287 2461 394 2500 velut
436 2464 584 2510 ‘yarum
624 2461 908 2500 Romuliamcm’
952 2463 1161 2501 secundum
1203 2465 1414 2512 praecepta
1452 2461 1620 2508 Romuli,
1663 2464 1808 2510 ‘qurum

286 2524 567 2561 Lucretianum
598 2525 806 2563 secundum
826 2525 992 2563 Lucretii
1014 2525 1103 2572 (XV
1123 2526 1222 2562 4691
1248 2528 1292 2572 ⁶9.
1312 2523 1341 2569 f.
1369 2524 1670 2573 Lucr(etianum)
1702 2524 1742 2562 (1.
1766 2523 1806 2562 F.

287 2585 353 2625 H.'
365 2588 389 2625 i.
407 2600 437 2625 e.
454 2586 493 2625 C.
511 2587 665 2627 Corneli
681 2587 937 2632 Hermerotis,
955 2588 1004 2626 cf.
1019 2588 1075 2626 IV
1090 2588 1192 2626 2588
1207 2589 1403 2638 liquamen
1419 2587 1458 2626 C.
1475 2587 1629 2626 Corneli
1646 2588 1808 2626 Herme-

377 2721 407 2759 1)
430 2720 479 2751 De
514 2721 740 2760 liquaminum
776 2719 958 2761 generibus
992 2720 1069 2752 vide
1093 2720 1197 2752 etiam
1221 2721 1419 2757 Bluemner,
1454 2721 1549 2752 Rom.
1572 2720 1808 2756 Privataltert.

287 2784 320 2814 p.
348 2772 406 2804 187
417 2782 466 2812 sq.
502 2812 505 2815 Ι
