2097 3191
924 204 1159 240 -2—

286 306 364 345 tius
392 308 562 346 tractare
600 308 638 345 et
679 305 942 356 compluribus
982 304 1243 344 voluminibus
1284 319 1476 357 exponere
1516 306 1675 345 studuit.
1733 304 1807 344 Sed

288 383 386 416 cum,
418 384 514 420 quos
544 373 728 419 sequatur
753 373 944 415 auctores,
975 370 1192 418 quibusque
1220 384 1314 407 usus
1344 371 1395 408 sit
1423 371 1611 416 fontibus,
1640 384 1717 408 non
1745 369 1805 407 in-

289 433 403 479 dicet,
432 433 521 472 libri
550 432 642 479 eius,
672 432 847 483 quamvis
876 432 990 470 utiles
1020 435 1136 483 atque
1164 435 1419 483 praestantes,
1449 436 1578 472 tamen
1607 433 1654 472 ad
1682 432 1808 471 subti-

287 498 425 535 liorem
454 498 535 534 eius
564 496 748 534 scientiae
778 496 1045 544 cognitionem
1074 510 1118 534 ac
1146 497 1336 534 rationem
1372 497 1502 534 minus
1540 500 1629 535 sunt
1665 496 1805 535 idonei.

289 559 394 606 Quot
423 561 662 609 quantasque
691 561 820 597 autem
840 558 1095 597 difficultates
1124 572 1169 597 ea
1189 558 1395 609 disciplina
1413 559 1609 609 praebeat,
1640 573 1727 598 cum
1745 572 1808 597 res

289 626 403 671 atque
431 622 689 659 instrumenta
718 622 766 658 ad
792 622 864 659 has
892 635 954 660 res
992 622 1260 659 describendas
1298 622 1517 659 necessaria
1555 622 1723 659 maxima
1759 635 1805 660 ex

287 687 397 735 parte
424 683 620 734 perierint,
651 683 736 734 quis
766 687 826 723 est
855 684 919 735 qui
949 683 1133 734 ignoret?

392 747 562 784 Maxima
590 761 680 785 vero
710 751 748 786 et
777 749 955 786 omnibus
985 748 1240 797 scriptoribus
1271 751 1376 786 certe
1405 747 1663 785 luculentiora
1699 747 1812 784 adiu-

286 812 415 848 menta
443 809 489 847 ad
520 808 782 848 Romanorum
811 811 1082 849 commercium
1112 810 1389 848 illustrandum
1416 810 1529 849 nobis
1557 809 1743 861 praebent
1771 811 1809 848 et

286 874 425 923 papyri
452 874 674 922 Aegyptiae
702 887 803 911 nunc
824 874 981 912 tandem
1010 876 1261 923 recuperatae
1291 876 1329 911 et
1356 873 1630 923 inscriptiones
1650 873 1812 911 Latinae

290 937 433 974 dudum
473 936 662 986 cognitae.
718 935 851 986 Atque
889 950 987 986 quae
1026 937 1164 987 papyri
1201 937 1248 975 de
1284 936 1345 974 his
1381 937 1496 975 rebus
1524 950 1594 975 nos
1633 937 1806 981 doceant,

286 1014 408 1049 nuper
447 1000 603 1050 egregie
643 1003 906 1049 exposuerunt
942 1000 980 1038 L.
1012 999 1160 1038 Mitteis
1197 1002 1237 1038 et
1263 999 1311 1038 U.
1340 999 1523 1039 Wilcken
1561 998 1808 1050 (Grundziige

288 1063 364 1100 und
386 1062 698 1100 Chrestomathie
728 1063 794 1100 der
815 1062 1132 1112 Papyruskunde,
1162 1061 1476 1111 Leipzig-Berlin
1507 1062 1637 1108 1912),
1668 1062 1732 1111 qui
1762 1062 1809 1100 de

286 1139 328 1164 re
347 1125 583 1164 vehicularia
604 1129 641 1163 et
660 1125 916 1164 frumentaria
944 1126 968 1163 l.
989 1126 1016 1164 1.
1038 1125 1055 1162 Ι
1074 1126 1091 1162 1
1115 1139 1151 1175 p.
1174 1126 1412 1171 372—3803
1440 1125 1496 1163 12
1515 1139 1554 1176 p.
1574 1125 1805 1169 435—518;

288 1189 333 1226 de
360 1189 528 1238 negotiis
558 1188 868 1237 commercioque
897 1189 916 1226 I
943 1189 966 1225 2
995 1202 1031 1238 p.
1055 1189 1286 1231 299—326;
1327 1189 1373 1226 de
1413 1189 1619 1238 emptionis
1658 1189 1812 1226 ratione

288 1250 324 1288 II
346 1253 365 1289 1
388 1265 425 1301 p.
450 1252 668 1295 190—192,
690 1250 729 1288 II
749 1252 771 1288 2
802 1264 837 1300 p.
861 1251 1069 1289 287—305
1100 1264 1322 1300 exposuere.
1370 1250 1647 1300 Inscriptiones
1668 1252 1806 1293 autem,

288 1327 335 1351 ex
364 1315 503 1364 quibus
530 1314 786 1352 hauriendum
816 1318 874 1352 est
904 1315 1083 1352 omnibus
1105 1315 1235 1363 quide
1255 1314 1475 1352 hominibus
1496 1313 1664 1362 antiquis
1694 1317 1807 1361 atque

289 1378 334 1415 de
349 1378 463 1414 rebus
477 1377 645 1426 publicis
659 1377 897 1427 privatisque
918 1380 1050 1428 agunt,
1065 1377 1138 1414 etsi
1154 1390 1239 1414 cum
1253 1377 1420 1415 editores
1442 1376 1625 1425 Corporis
1635 1375 1806 1424 Inscrip-

288 1439 438 1478 tionum
482 1439 725 1489 (praesertim
768 1441 843 1479 vol.
881 1440 951 1478 XV
993 1442 1092 1490 part.
1132 1439 1180 1484 II,
1211 1439 1318 1484 XIII,
1360 1439 1427 1484 IV,
1472 1453 1568 1488 quae
1611 1439 1808 1476 ediderunt

289 1503 458 1548 Dressel,
469 1502 706 1548 Hirschfeld,
723 1503 830 1552 Mau)
852 1506 919 1541 aut
940 1503 1180 1553 syllogarum
1202 1503 1256 1551 (in
1278 1501 1416 1552 quibus
1432 1501 1632 1540 eminetH.
1648 1501 1805 1545 Dessau,

288 1566 409 1604 Inscr.
439 1566 520 1604 Lat.
552 1566 619 1604 sel.
652 1566 752 1604 1906
769 1566 872 1617 sqq.)
906 1569 988 1604 tum
1017 1579 1145 1604 rerum
1174 1566 1432 1603 Romanarum
1467 1565 1675 1614 scriptores
1703 1564 1808 1601 velut

288 1628 505 1666 Mommsen
516 1628 642 1674 (Rem.
659 1628 825 1677 Gesch.),
843 1629 1067 1667 Hirschfeld
1078 1628 1336 1675 (Kaiserliche
1352 1626 1805 1677 Verwaltungsbeamte),

288 1691 431 1730 Nissen
462 1691 562 1739 (Ital.
586 1691 890 1739 Landeskunde),
921 1691 1014 1730 Mau
1037 1688 1246 1741 (Pompeji)
1275 1691 1422 1740 optime
1451 1691 1496 1728 de
1514 1690 1574 1727 his
1594 1690 1708 1728 rebus
1734 1703 1811 1739 pro

289 1768 360 1791 sua
389 1754 552 1803 quisque
580 1757 692 1803 parte
720 1757 955 1798 meruerunt,
984 1757 1115 1792 tamen
1147 1754 1194 1791 ad
1223 1754 1496 1790 commercium
1533 1755 1808 1790 commeatum-

288 1830 362 1867 que
383 1817 652 1866 explicandum
679 1817 770 1855 data
789 1830 909 1866 opera
927 1817 1098 1854 nondum
1121 1816 1216 1853 satis
1237 1815 1431 1853 adhibitae
1452 1817 1567 1864 atque
1588 1814 1809 1864 exploratae

288 1892 372 1917 esse
400 1879 589 1917 videntur.
648 1878 754 1924 Quae
783 1892 869 1917 cum
898 1878 1156 1917 instrumento
1185 1877 1398 1916 domestico
1435 1890 1469 1927 q.
1501 1877 1534 1914 d.
1565 1877 1809 1926 potissimum

288 1943 562 1991 comprehendi
603 1943 754 1980 soleant
783 1956 826 1980 ac
854 1942 981 1980 minus
1021 1941 1148 1979 curari
1182 1955 1299 1991 quam
1331 1940 1605 1989 inscriptiones
1641 1940 1721 1978 aeri
1748 1941 1808 1978 vel

286 2005 471 2043 marmori
498 2004 655 2049 incisae,
683 2008 813 2044 tamen
838 2005 930 2054 quid
948 2004 1009 2043 vel
1039 2018 1085 2042 ex
1104 2003 1302 2042 vilissimis
1329 2003 1432 2041 notis
1451 2002 1645 2041 enucleari
1671 2002 1807 2053 possit,

286 2069 403 2106 modo
435 2068 565 2106 omnia
593 2068 756 2117 colligas
786 2071 824 2106 et
850 2068 1001 2106 intento
1040 2067 1168 2105 animo
1212 2066 1397 2111 excutias,
1428 2080 1458 2104 e.
1489 2080 1524 2116 g.
1568 2066 1809 2104 Rostowzew

288 2131 449 2180 egregia
475 2134 710 2170 tesserarum
739 2131 889 2181 sylloge
918 2129 1098 2168 ostendit.
1138 2129 1263 2175 Quare
1293 2143 1370 2167 non
1397 2129 1534 2167 inutile
1563 2143 1646 2168 esse
1674 2129 1808 2179 putavi

288 2207 335 2231 ex
372 2207 553 2231 vasorum
590 2194 781 2243 imprimis
816 2194 955 2243 quibus
994 2206 1139 2230 merces
1178 2192 1458 2230 condiebantur
1492 2191 1808 2241 inscriptionibus

289 2256 467 2307 quamvis
498 2257 648 2307 exiguis
670 2258 709 2295 et
729 2256 902 2294 obscuris
925 2258 1040 2304 atque
1060 2254 1249 2305 neglectis
1270 2257 1457 2305 quantum
1481 2254 1636 2304 quidem
1655 2267 1809 2303 possem

289 2319 437 2368 aliquid
481 2319 667 2369 colligere
697 2320 744 2357 ad
777 2319 995 2357 commercii
1024 2320 1358 2367 mercatorumque
1387 2318 1558 2355 rationes
1591 2317 1809 2355 accuratius

288 2383 589 2433 cognoscendas.

396 2446 686 2494 Amphorarum
700 2445 823 2494 igitur
842 2444 1114 2494 inscriptiones
1134 2448 1303 2482 tractare
1323 2443 1527 2487 constitui3
1547 2456 1637 2480 nam
1657 2443 1809 2481 etiamsi

287 2521 436 2547 merces
464 2507 657 2547 interdum
689 2507 802 2546 doliis
834 2507 941 2546 cistis
976 2507 1098 2546 saccis
1128 2506 1237 2557 cupis
1266 2506 1406 2557 ligneis
1427 2505 1603 2544 conditae
1622 2505 1808 2552 venerint,

287 2575 419 2609 tamen
449 2572 659 2619 amphorae
689 2572 735 2608 ad
765 2572 985 2608 commercii
1014 2571 1204 2608 rationem
1233 2569 1500 2619 explicandam
1528 2569 1609 2607 fere
1637 2569 1742 2607 solae
1769 2569 1808 2607 in

286 2648 401 2673 usum
441 2633 612 2679 veniunt,
653 2648 738 2672 cum
776 2637 929 2683 praeter
964 2647 1059 2672 vasa
1093 2632 1228 2671 fictilia
1265 2632 1401 2671 omnia*
1432 2631 1512 2671 fere
1552 2631 1629 2670 iam
1666 2632 1808 2670 dudum

287 2697 487 2747 perierint·
553 2697 684 2745 Atque
727 2710 812 2734 cum
849 2696 953 2734 dolia
989 2695 1181 2735 mercibus
1220 2696 1380 2745 impleta
1414 2696 1584 2744 pondere
1627 2694 1809 2744 graviora

288 2762 418 2799 essent
460 2773 575 2809 quam
619 2772 717 2809 quae
756 2760 955 2798 commode
994 2759 1080 2798 loco
1118 2762 1374 2804 moverentur,
1420 2757 1625 2808 amphoras
1673 2759 1809 2807 utpote
