2097 3191
903 230 1164 266 „25-

277 336 351 380 tur,
387 336 455 372 aut
483 346 570 372 cum
599 332 729 371 acinos
759 333 875 371 etiam
901 333 1022 372 herba
1049 332 1242 372 odorifera
1278 335 1380 371 esset
1408 331 1523 381 (Plin.
1544 332 1595 371 N.
1622 332 1672 370 H.
1704 333 1796 372 XXI

280 396 385 445 174),
418 397 548 434 vinum
576 395 645 433 illa
673 396 871 434 conditum
899 399 991 435 erat.
1013 394 1052 432 P
1060 397 1168 433 ussi
1195 395 1249 433 IV
1269 409 1306 445 p.
1326 396 1364 434 II
1384 396 1488 434 5594
1508 399 1636 434 autem
1655 409 1795 435 nomen

280 475 303 499 a
341 459 546 510 participio
584 459 691 497 verbi
729 460 898 510 pandere
938 460 1198 499 deducendum
1239 464 1313 506 est,
1360 474 1446 499 cum
1486 461 1534 499 ad
1574 459 1797 499 siccandum

282 524 543 573 panderentur
569 537 678 569 uvae,
709 537 785 562 non
813 523 913 561 sicut
941 523 1090 561 Plinius
1120 522 1231 572 (XIV
1256 524 1319 572 16)
1348 524 1624 573 interpretatus
1652 526 1731 562 est:
1763 528 1799 560 ‘a

273 586 460 634 patientia
488 598 621 623 nomen
649 587 771 624 acinis
798 586 913 624 datur
935 587 1093 634 passis'.
1149 585 1329 624 ‘Passum
1356 600 1380 624 a
1410 586 1551 624 Cretico
1562 586 1591 635 ¹)
1622 585 1798 624 Cilicium

274 648 460 696 probatur
486 651 520 685 et
544 647 732 695 Africum’
764 649 879 698 (Plin.
900 649 949 687 N.
970 649 1020 688 H.
1041 648 1135 687 XIV
1154 649 1232 698 81).
1271 649 1474 700 Amphora
1500 649 1557 687 IV
1574 664 1612 700 p.
1632 649 1671 688 II
1693 650 1797 688 5594

280 714 491 760 ‘passum
524 712 738 762 Lycium?
778 712 1012 752 continebat.
1077 712 1317 752 Permultum
1359 728 1516 763 passum
1551 714 1715 752 Romam
1750 727 1796 752 ex

282 775 395 813 Creta
422 777 625 814 advectum
654 789 750 821 esse,
781 789 867 813 cum
894 789 1087 826 pauperes
1121 781 1159 814 et
1188 778 1434 827 aegrotantes
1470 790 1515 815 eo
1551 776 1798 827 potissimum

279 841 489 886 uterentur,
519 842 638 878 testes
667 842 757 878 sunt
784 839 976 878 Martialis
1006 839 1115 888 (XIII
1135 840 1226 889 106)
1255 842 1294 879 et
1321 839 1510 890 imprimis
1531 839 1701 879 Galenus
1730 839 1794 887 (cf.

278 915 396 952 supra
423 916 461 951 p.
495 903 541 940 21
575 903 620 940 de
648 902 742 940 vino
771 901 950 950 Cretico).

385 964 532 1012 Restat,
561 968 605 1004 ut
633 965 679 1004 de
699 964 839 1004 mustis
859 965 1028 1005 decoctis
1057 965 1119 1014 (de
1139 979 1302 1016 quorum
1330 966 1538 1015 generibus
1558 968 1674 1016 atque
1703 979 1796 1004 con-

279 1028 431 1065 ficiendi
470 1029 619 1066 ratione
658 1028 744 1065 vide
783 1028 1010 1072 Bluemner,
1052 1028 1161 1066 Rem.
1202 1028 1403 1066 Privatalt.
1447 1042 1488 1078 p.
1528 1027 1632 1076 202),
1673 1041 1798 1078 pauca

280 1090 461 1130 dicamus.
485 1090 739 1140 ‘Def(rutum)
754 1091 983 1138 eoec(ellens)’
1004 1091 1060 1130 IV
1075 1105 1112 1141 p.
1128 1090 1166 1129 ΙΙ
1178 1091 1280 1129 5585
1291 1094 1330 1130 et
1345 1090 1609 1143 ‘defrit(um)a
1623 1090 1796 1129 Romulo’

279 1154 336 1192 IV
363 1168 400 1203 p.
427 1154 465 1192 II
494 1154 596 1192 5586
641 1154 741 1192 sicut
783 1168 877 1204 sapa
919 1157 957 1192 et
999 1167 1202 1192 caroenum
1243 1157 1411 1192 mustum
1454 1153 1682 1192 deservitum
1710 1154 1733 1191 i.
1765 1167 1796 1191 e.

279 1216 486 1254 ‘decoctum'
516 1220 609 1262 erat,
643 1218 749 1268 quod
769 1217 928 1256 verbum
954 1216 994 1255 in
1019 1216 1159 1256 Edicto
1189 1217 1421 1256 Diocletiani
1450 1216 1588 1264 (1115)
1618 1217 1796 1256 occurrit.

280 1279 365 1325 Quo
393 1292 532 1330 genere
559 1294 630 1330 pro
653 1280 771 1319 melle
800 1279 1026 1330 saepissime
1044 1280 1254 1319 utebantur
1272 1280 1449 1325 Romani,
1480 1294 1565 1318 cum
1593 1282 1731 1317 ‘omnia
1756 1282 1798 1317 in

280 1341 507 1380 adulterium
535 1342 658 1380 mellis
685 1343 900 1391 eoecoyz'tata’
940 1346 1069 1381 essent
1098 1342 1212 1391 (Plin.
1243 1342 1291 1381 N.
1316 1343 1362 1381 H.
1397 1342 1488 1381 XIV
1511 1342 1580 1387 8ος
1617 1343 1663 1381 de
1690 1343 1797 1381 vario

283 1405 425 1458 defruti
453 1419 523 1443 usu
559 1406 608 1444 cf.
639 1406 837 1444 Hofmann
864 1420 902 1455 p.
933 1406 983 1443 38
1011 1405 1096 1455 sq.)‚
1127 1409 1243 1455 atque
1271 1405 1387 1443 etiam
1424 1409 1465 1443 ut
1492 1406 1622 1443 vinum
1659 1405 1798 1443 fortius

279 1467 492 1506 redderent
519 1467 632 1516 (Cato
660 1482 689 1506 r.
711 1482 740 1506 r.
772 1469 839 1512 24;
870 1467 1015 1506 Colum.
1045 1467 1084 1506 II
1113 1468 1174 1514 22,
1189 1469 1224 1506 4.
1253 1467 1328 1506 XII
1356 1468 1404 1506 37
1434 1466 1532 1506 Plin.
1552 1466 1602 1506 N.
1624 1467 1673 1506 H.
1703 1467 1797 1506 XIV

282 1532 386 1575 121).
445 1531 591 1576 Quodsi
630 1531 784 1569 Clodius
818 1531 994 1570 Clemens
1033 1530 1187 1581 quidam
1227 1530 1286 1569 IV
1314 1545 1351 1580 p.
1383 1531 1421 1569 II
1458 1532 1560 1569 5588
1599 1545 1640 1569 se
1667 1531 1797 1569 vinum

281 1594 374 1630 ‘sine
401 1593 546 1640 defrito’
578 1592 667 1642 (‘Ab
690 1592 819 1631 Clodio
842 1592 1023 1631 Clemente
1051 1593 1095 1631 de
1125 1592 1275 1642 (fundo)
1304 1595 1494 1641 superiore
1521 1595 1602 1631 sine
1634 1592 1795 1642 defrito')

281 1657 443 1695 vendere
472 1657 682 1706 praedicat,
711 1657 825 1695 huius
856 1657 1064 1706 amphorae
1092 1657 1223 1694 vinum
1261 1670 1330 1694 sua
1356 1657 1484 1706 ipsum
1520 1659 1660 1694 natura
1695 1657 1797 1695 forte

279 1732 364 1757 esse
393 1719 496 1762 dicit,
526 1720 607 1758 sine
637 1719 816 1758 artificio.

915 1845 985 1892 De
1016 1857 1164 1903 garo.

389 1940 547 1977 Praeter
588 1940 716 1977 viuum
763 1940 926 1977 maxime
956 1941 1112 1987 ‘ystrum’
1143 1940 1339 1989 amphoris
1382 1940 1627 1977 condebatur.
1699 1939 1798 1984 Quid

284 2015 438 2052 quoque
479 2001 634 2040 nomine
676 2016 806 2040 earum
833 2002 1029 2047 mercium,
1074 2016 1171 2052 quae
1200 2016 1245 2040 ex
1282 2002 1455 2052 piscibus
1485 2002 1798 2046 conficiebantur,

283 2065 534 2115 significetur,
565 2064 775 2114 scriptores
811 2078 888 2103 non
918 2078 1050 2103 omnes
1080 2065 1336 2109 consentiunt,
1374 2078 1605 2114 quamquam
1638 2065 1797 2103 dubium

284 2141 368 2166 esse
408 2141 485 2166 non
528 2127 692 2173 videtur,
733 2127 824 2177 quin
866 2130 1052 2178 quattuor
1091 2141 1232 2178 genera
1266 2141 1364 2177 quae
1405 2127 1603 2165 novimus:
1647 2141 1796 2178 garum,

283 2191 492 2241 liquamen,
536 2189 672 2234 muria,
702 2190 830 2228 hallex
867 2190 999 2227 eadem
1027 2189 1212 2240 qualitate
1241 2190 1301 2228 vel
1329 2190 1505 2227 bonitate
1532 2203 1610 2227 non
1640 2190 1798 2228 fuerint.

284 2253 451 2293 Etiamsi
493 2252 620 2304 quivis
663 2267 777 2291 sucus
805 2267 852 2292 ex
892 2252 1063 2303 piscibus
1103 2253 1327 2303 plerumque
1361 2267 1407 2291 ex
1447 2252 1641 2291 intestinis
1669 2253 1798 2291 factus

284 2329 423 2367 garum
465 2316 736 2367 appellabatur
776 2313 921 2367 (Diosc.
942 2315 1049 2354 1134
1076 2314 1191 2364 γάρον
1233 2314 1273 2352 δὲ
1314 2320 1388 2351 πᾶν
1420 2314 1461 2351 τὸ
1503 2313 1547 2350 ἐκ
1586 2319 1797 2363 ταριχηρῶν

284 2378 431 2427 ἰχθύων
460 2379 524 2415 καὶ
558 2381 707 2427 κρεῶν),
745 2383 873 2417 tamen
911 2379 1173 2429 compluribus
1215 2377 1431 2416 rationibus
1469 2378 1658 2416 adductus
1696 2377 1798 2415 idem
1842 2387 1845 2390 ’

286 2441 497 2492 significari
535 2445 630 2492 puto
659 2441 909 2492 inscriptione
939 2441 1161 2489 ‘liquamen'.
1216 2441 1260 2479 In
1289 2441 1423 2480 eodem
1462 2440 1561 2478 enim
1597 2440 1713 2479 titulo
1741 2439 1799 2478 IV

286 2505 390 2542 5683
420 2504 676 2554 ‘Liquamen
704 2504 827 2553 ρων-ἱ)
856 2503 970 2553 f(los)
1003 2503 1185 2549 scombri’‚
1214 2507 1429 2553 utrumque,
1459 2503 1654 2552 liquamen
1684 2507 1799 2553 atque

286 2579 435 2617 garum,
477 2567 718 2612 nominatum
761 2570 967 2618 utrumque
1008 2580 1129 2618 genus
1170 2580 1216 2604 ex
1254 2566 1388 2604 iisdem
1422 2579 1576 2615 quoque
1617 2565 1799 2616 piscibus,

286 2629 512 2679 plerumque
541 2644 586 2668 ex
616 2631 801 2668 scombris
829 2631 891 2668 vel
918 2629 1088 2668 murenis
1117 2629 1411 2672 conficiebatur3
1440 2628 1733 2678 liquaminarius
1760 2629 1801 2666 in

287 2691 401 2741 Corp.
424 2691 545 2730 Gloss.
569 2692 622 2729 VI
643 2693 718 2730 649
738 2690 963 2740 γαροπὼλης
980 2694 1152 2730 vocatur.
1198 2690 1407 2740 Liquamen
1428 2691 1529 2729 enim
1556 2704 1696 2729 nomen
1715 2704 1802 2730 vere

374 2785 404 2825 l)
420 2785 566 2817 ‘Graeco'
582 2784 743 2825 Mayhoff,
764 2785 823 2816 sed
840 2785 881 2816 cf.
897 2784 1044 2816 Martial.
1060 2784 1138 2815 XIII
1155 2784 1215 2815 106
1231 2784 1266 2814 et
1282 2782 1399 2814 Galen.
1417 2782 1452 2814 in
1467 2784 1576 2824 praef.
1592 2784 1664 2815 vini
1680 2783 1801 2815 Italici.
