2097 3191
856 201 1114 238 —15—

232 308 433 348 Nonnulla
470 310 599 346 autem
625 305 714 345 vina
742 306 827 356 agri
855 304 1010 344 Falerni
1026 303 1055 352 ¹)
1094 305 1219 355 primo
1261 308 1350 344 ante
1389 302 1428 343 et
1459 306 1551 354 post
1590 303 1676 342 Chr.
1706 318 1744 342 n.

240 372 393 412 saeculo
422 373 531 410 tanta
557 370 596 408 in
624 368 826 408 nobilitate
855 372 974 415 erant,
1004 371 1046 407 ut
1072 367 1113 407 in
1142 368 1337 419 amphoris
1366 368 1483 408 etiam
1521 367 1632 418 regio
1662 367 1750 405 dili-

237 435 390 487 gentius
410 433 655 471 indicaretur.
695 432 723 470 F
734 431 986 481 (alernum)
1014 431 1307 480 Faus(tianu
1319 432 1372 480 m)
1401 431 1475 470 XV
1494 432 1598 469 4553
1617 431 1748 469 vinum

236 498 347 537 dulce
376 496 523 545 (Galen.
552 494 646 533 XIV
664 496 726 534 20.
756 495 791 533 Χ
820 496 893 534 831
910 509 965 546 sq.
996 494 1053 533 VI
1073 494 1164 544 801)
1192 496 1382 534 maximae
1411 494 1597 533 bonitatis
1626 493 1749 542 (Plin.

234 562 284 601 N.
306 560 356 599 H.
376 559 470 598 XIV
489 558 567 608 62),
595 558 636 598 in
656 572 750 610 agro
770 559 992 606 Faustiano,
1024 559 1089 610 qui
1108 572 1249 597 nomen
1281 573 1303 596 a
1323 558 1430 597 Sulla
1449 558 1596 597 Fausto
1625 557 1750 596 dicta-

233 625 327 663 toris
355 623 436 661 filio
464 625 635 660 traxerat
665 622 778 664 (Plin.
795 622 916 671 ibid.),
946 622 1118 672 genitum
1147 625 1216 661 est.
1256 621 1383 659 Aliter
1411 621 1635 672 explicanda
1665 634 1750 658 esse

237 687 387 725 videtur
414 684 616 735 inscriptio
645 685 718 724 XV
746 686 849 724 4554
878 685 1165 735 Fal(ernum)
1194 685 1508 733 Mas(sicum);
1542 698 1632 723 nam
1659 698 1747 723 cum

233 750 365 788 vinum
404 748 610 786 Falernum
648 763 724 786 non
763 748 982 793 Massicum,
1017 748 1227 787 Massicum
1267 751 1397 786 autem
1434 761 1510 785 non
1541 748 1747 785 Falernum

234 814 345 857 esset,
373 813 502 849 utrum
530 810 735 849 Falernum
768 825 854 849 cum
881 811 1048 850 Massico
1086 811 1291 849 confusum
1329 810 1515 860 amphora
1551 809 1746 848 conditum

233 889 281 912 an
300 875 433 912 vinum
462 887 506 911 ex
525 873 690 911 Falerna
708 874 786 912 vite
805 874 973 911 Massico
1002 874 1041 911 in
1068 876 1200 912 monte
1228 877 1361 911 natum
1391 887 1473 910 esse
1492 872 1715 922 putabimus
1729 874 1746 908 ’ἓ

231 937 317 977 Iam
348 937 474 988 primo
517 940 605 976 ante
641 937 836 976 Christum
873 940 1007 976 natum
1039 938 1194 977 saeculo
1229 937 1432 976 Falernum
1471 935 1746 986 Carthaginem

233 1002 478 1050 exportatum
507 1013 590 1038 esse
617 999 792 1038 vidimus.
849 999 934 1045 Quo
969 1014 1015 1039 ex
1050 1004 1224 1049 tempore
1264 1000 1473 1038 auctoritas
1504 998 1657 1036 Falerni
1691 997 1747 1035 ita

233 1063 458 1113 augebatur,
487 1065 531 1101 ut
557 1063 682 1112 magis
720 1063 950 1113 probaretur
983 1077 1098 1113 quam
1126 1063 1347 1107 Massicum,
1391 1063 1499 1101 cuius
1537 1061 1621 1111 agri
1649 1062 1747 1099 vites

198 1124 208 1133 ⁶
234 1126 404 1163 omnium
433 1139 527 1174 quas
557 1129 660 1163 terra
688 1126 924 1164 sustinuerat
960 1126 1000 1163 in
1036 1126 1240 1164 nobilitate
1270 1126 1349 1164 vini
1390 1124 1584 1176 principes
1626 1123 1747 1161 fuisse

233 1188 325 1236 (non
354 1187 473 1235 ‘esse’)
503 1187 717 1226 Columella
745 1188 838 1226 dicit
866 1188 952 1236 (III,
975 1187 1025 1236 8).
1080 1188 1220 1226 Paucis
1249 1189 1359 1226 annis
1387 1190 1479 1238 post
1507 1186 1624 1224 etiam
1643 1185 1746 1223 Gau-

232 1263 369 1288 ranum
399 1263 483 1288 cum
512 1250 679 1288 Massico
709 1251 882 1288 certabat
909 1250 973 1296 (N.
995 1251 1045 1288 H.
1066 1250 1159 1288 XIV
1179 1250 1257 1297 64).
1306 1249 1589 1300 Exportatione
1619 1251 1748 1286 autem

233 1312 391 1350 Falerni
419 1313 459 1352 in
488 1313 568 1350 dies
595 1312 720 1358 magis
749 1315 861 1350 aucta
880 1315 1112 1350 mercatores
1133 1313 1267 1362 copiae
1296 1313 1427 1362 potius
1448 1325 1561 1362 quam
1580 1309 1750 1348 bonitati

233 1375 386 1413 studere
415 1374 480 1422 (N.
502 1375 551 1413 H.
581 1374 675 1413 XIV
694 1374 760 1423 62)
789 1375 1037 1425 cogebantur,
1068 1377 1112 1413 ut
1141 1374 1226 1413 aliis
1255 1388 1408 1425 quoque
1436 1375 1547 1419 vinis,
1583 1386 1681 1424 quae
1709 1373 1747 1409 in

233 1437 449 1476 confinibus
479 1437 565 1485 agri
591 1437 745 1476 Falerni
784 1440 850 1476 aut
887 1440 994 1476 extra
1030 1441 1122 1476 nata
1161 1442 1281 1484 erant,
1324 1452 1370 1476 ea
1409 1441 1502 1476 nota
1531 1435 1747 1487 praenobili

234 1499 381 1538 ornatis
400 1499 430 1548 ²)
471 1499 676 1539 Falernum
704 1514 824 1551 aeque
853 1515 896 1539 ac
923 1502 1068 1540 nostris
1095 1500 1336 1551 temporibus
1364 1499 1644 1551 Burdigalense
1684 1502 1750 1536 aut

234 1562 505 1612 Burgundium
528 1563 730 1608 ⁴notionem
758 1566 884 1602 certae
904 1563 995 1602 vitis
1023 1565 1088 1601 sed
1116 1563 1196 1601 vini
1222 1563 1396 1613 regionis
1417 1562 1618 1612 amplioris
1647 1564 1748 1602 acci-

233 1626 358 1674 peret.
414 1624 563 1662 Plinius
593 1624 747 1675 quidem
776 1638 817 1664 se
847 1625 943 1663 scire
970 1625 1024 1664 ait
1050 1626 1147 1664 vites
1177 1628 1206 1662 ‘e
1233 1624 1400 1662 Falerno
1429 1625 1590 1662 tralatas
1625 1627 1749 1663 vocari

232 1686 436 1724 Falernas'
467 1686 530 1736 (N.
552 1687 601 1725 H.
628 1688 720 1726 XIV
740 1688 817 1736 38).
873 1688 1082 1727 Massicum
1124 1691 1250 1727 autem
1280 1687 1445 1727 Falerno
1482 1689 1675 1727 subditum
1710 1692 1749 1727 et

232 1753 431 1799 tamquam
472 1751 624 1802 generis
666 1751 832 1801 speciem
876 1753 1194 1802 comprehensum
1237 1766 1321 1791 esse
1359 1766 1378 1790 e
1405 1753 1528 1791 xeniis
1556 1751 1746 1791 Martialis

234 1817 407 1863 apparet,
438 1827 525 1852 cum
544 1814 640 1852 XIII
661 1816 747 1860 111,
777 1829 1009 1865 quamquam
1038 1816 1265 1866 inscriptum
1285 1819 1344 1854 est
1364 1815 1596 1853 ‘Falernum'
1617 1819 1745 1853 tamen

234 1879 438 1926 sequatur:
466 1875 527 1914 De
554 1876 802 1915 Sinuessanis
828 1880 1004 1915 venerunt
1030 1878 1205 1915 Massica
1226 1878 1358 1925 prelis.

338 1938 427 1977 Alia
456 1952 608 1989 quoque
646 1953 786 1990 genera
824 1941 862 1978 in
899 1941 1059 1979 circuitu
1095 1939 1179 1991 agri
1207 1940 1362 1979 Falerni
1398 1941 1607 1985 nascentia,
1646 1954 1745 1991 quae

230 2041 336 2072 ⁸‹Jypso
368 2032 539 2071 mitiqabat
571 2033 780 2072 asperitatem
816 2043 873 2065 nec
908 2043 974 2064 non
1010 2034 1175 2073 aliquibus
1208 2034 1364 2073 partibus
1401 2034 1455 2065 sui
1487 2034 1581 2065 calce·
1620 2033 1669 2073 (N.
1703 2034 1743 2064 H.

232 2083 310 2114 XIV
334 2084 416 2124 120),
449 2086 586 2124 praeter
606 2084 787 2115 Falernum
815 2085 918 2117 etiam
942 2085 1180 2126 Ves(uvinum)
1202 2085 1279 2117 VIII
1301 2086 1394 2117 S.111
1417 2087 1530 2123 22640,
1549 2086 1598 2123 31,
1622 2086 1745 2117 Puteo-

231 2137 375 2175 l(anum)
396 2136 478 2168 ibid.
492 2137 542 2173 20,
566 2136 747 2178 Set(inum)
770 2137 852 2169 ibid.
875 2138 926 2174 30,
949 2138 1233 2178 Mesopotamium
1256 2138 1303 2178 (in
1321 2138 1439 2170 Sicilia
1461 2139 1593 2179 natum)
1616 2138 1699 2170 ibid.
1715 2139 1744 2175 8,

233 2189 501 2230 Mamerstinum)
534 2189 618 2221 ibid.
641 2190 691 2227 60,
722 2190 966 2232 Carthaginem
991 2190 1166 2232 exportari
1190 2190 1355 2223 videmus.
1402 2192 1439 2223 In
1464 2191 1541 2223 aliis
1569 2191 1744 2233 amphoris

234 2243 292 2274 aut
314 2242 595 2283 inscriptionibus
619 2246 687 2280 ,υείι
721 2245 780 2274 aut
807 2243 985 2275 consulum
1018 2242 1213 2275 nominibus
1247 2243 1363 2275 vinum
1396 2243 1540 2276 infuisse
1563 2244 1746 2280 indicatur,

234 2294 325 2334 quod
356 2293 448 2325 haud
482 2294 552 2325 scio
587 2305 630 2326 au
663 2305 704 2326 ex
736 2294 857 2326 iisdem
890 2294 1088 2336 regionibus
1123 2295 1187 2326 huc
1218 2296 1398 2328 advectum
1434 2296 1486 2328 sit.
1533 2297 1645 2337 Atque
1670 2307 1745 2327 cum

233 2345 374 2377 alterius
397 2345 522 2377 aetatis
546 2346 701 2378 consules
724 2357 792 2378 non
815 2347 1034 2379 nominentur
1061 2347 1128 2379 nisi
1160 2347 1263 2388 primi
1293 2350 1373 2380 ante
1397 2348 1472 2380 Chr.
1504 2360 1536 2380 n.
1560 2349 1688 2380 saeculi
1712 2351 1746 2380 et

233 2407 309 2429 cum
332 2407 449 2430 omnes
472 2398 658 2439 amphorae
681 2399 800 2431 eodem
822 2399 907 2436 loco,
932 2399 1139 2441 Carthagine
1163 2400 1209 2431 ‘iu
1230 2410 1324 2432 muro
1340 2401 1454 2432 veteris
1470 2400 1566 2432 arcis'
1589 2402 1745 2441 repertae

233 2450 311 2487 sint,
335 2460 451 2482 omnes
483 2449 604 2482 iisdem
637 2450 849 2492 temporibus
883 2451 919 2483 in
942 2452 1094 2483 Africam
1128 2452 1287 2484 devectas
1323 2463 1396 2484 esse
1431 2453 1586 2484 concludi
1619 2454 1747 2494 potest.

233 2502 362 2541 Quodsi
383 2513 437 2535 res
460 2502 510 2535 ita
533 2513 568 2535 se
592 2504 706 2542 habet,
739 2504 972 2536 viticulturam
1007 2504 1129 2537 Italiae
1162 2504 1230 2536 iam
1261 2505 1373 2546 primo
1397 2516 1425 2537 a.
1452 2505 1527 2537 Chr.
1552 2517 1584 2537 n.
1608 2505 1745 2537 saeculo

231 2556 363 2587 tautam
385 2555 490 2588 fuisse
513 2556 677 2594 videmus,
699 2558 739 2588 ut
759 2567 828 2588 non
845 2556 955 2588 solum
971 2557 1088 2589 vinum
1103 2557 1285 2589 Falernum
1302 2557 1360 2589 sed
1379 2557 1448 2589 alia
1464 2568 1601 2598 quoque
1619 2567 1746 2599 genera

231 2607 371 2639 maioris
394 2608 506 2640 famae
529 2610 802 2650 exportarentur.

319 2660 348 2700 1)
370 2660 418 2692 De
452 2660 520 2692 situ
553 2661 595 2692 cf.
619 2661 755 2698 Weber,
790 2662 840 2693 De
864 2672 946 2703 agro
970 2662 1115 2694 Falerno
1139 2664 1174 2694 et
1204 2662 1339 2701 Nissen,
1372 2663 1446 2694 Ital.
1470 2663 1637 2694 Landesk.
1663 2662 1692 2693 II
1715 2662 1746 2699 2,

231 2721 265 2751 p.
289 2711 360 2743 689.

317 2764 347 2804 2)
372 2764 420 2796 De
443 2764 580 2797 Falerni
602 2765 851 2798 adulteratione
874 2766 992 2798 Galen.
1015 2766 1094 2797 XIV
1115 2767 1165 2798 77.
