2097 3191
865 208 1123 245 -13—

243 327 338 352 neae
358 313 474 357 solae,
504 312 735 360 ubicumque
750 314 869 356 erant,
898 310 1029 349 vinum
1047 311 1347 360 pulcherrimum
1367 311 1573 349 redderent
1592 309 1757 358 (Pallad.

245 376 304 415 III
332 376 426 422 9‚4;
457 374 605 413 Colum.
625 374 683 412 III
703 375 738 419 2,
756 372 794 422 7)
823 387 947 424 neque
966 373 1244 425 degenerarent
1271 377 1314 412 ut
1338 373 1537 420 Falernae,
1566 387 1644 412 non
1677 378 1759 412 erat

244 440 347 489 quod
366 439 549 476 vinitores
565 437 790 488 diligentius
809 436 1008 488 regionem
1027 436 1252 475 indicarent.
1282 437 1343 475 Ita
1361 438 1505 488 legitur
1517 436 1758 485 Amin(eum)

246 502 319 540 XV
347 502 462 546 4510,
492 497 731 548 Amfineum)
762 500 835 538 XV
854 501 956 538 4533
986 506 1023 538 et
1042 501 1157 546 4534,
1188 500 1354 539 Faecula
1373 501 1538 539 Aminea
1566 500 1622 539 IV
1641 501 1756 538 5730.

243 564 430 603 Attamen
457 564 496 602 in
527 563 713 614 amphora
740 563 814 602 XV
838 564 941 603 4532
974 562 1189 601 ‘Amineum
1209 562 1492 613 Campan(um)'
1522 563 1758 615 adscriptum

245 630 359 666 docet
396 627 434 665 id
475 640 597 677 genus
638 627 678 665 in
706 626 916 677 Campania
956 631 1091 665 natum
1132 641 1228 666 esse.
1285 627 1492 665 Permultis
1526 628 1626 666 enim
1659 627 1756 665 locis

244 691 340 729 vites
369 689 554 729 Amineae
583 690 828 729 serebantur:
858 691 906 729 ad
936 690 1150 730 Vesuvium
1177 693 1349 730 montem
1377 689 1541 740 (Colum.
1563 690 1622 729 III
1641 693 1677 737 2,
1696 692 1755 730 10.

243 755 374 793 Galen.
405 755 440 792 X
469 754 573 803 833),
608 755 656 792 ad
692 755 789 792 alios
826 755 945 793 colles
973 755 1258 805 Neapolitanos
1297 754 1443 803 (Galen.
1478 756 1571 794 XIV
1593 756 1671 801 16),
1709 756 1757 793 ad

244 817 471 856 sorrentum
506 816 668 865 (Colum.
707 816 765 855 III
800 819 835 862 2,
855 818 923 862 10;
952 817 1051 856 Plin.
1081 817 1130 855 N.
1157 817 1207 856 H.
1247 817 1338 855 XIV
1358 817 1436 866 22),
1474 820 1520 856 ad
1554 817 1757 857 Salernum

246 880 365 918 Macr.
393 880 453 918 III
481 881 542 925 20,
561 879 611 928 7),
641 881 688 918 ad
717 880 911 918 Scantiam
939 881 978 917 in
998 880 1209 930 Campania
1229 881 1367 928 (Varro
1392 882 1496 930 apud
1515 881 1615 918 Plin.
1636 881 1685 918 N.
1706 881 1755 918 H.

243 943 336 981 XIV
363 942 443 989 47),
482 943 522 981 in
557 943 713 981 Bruttia
748 942 852 992 (CIL.
884 943 919 981 X
957 944 1030 981 114
1063 957 1096 981 v.
1129 942 1207 992 29),
1251 944 1290 981 in
1327 943 1472 993 Apulia
1501 943 1683 993 (Hesych.
1722 957 1755 981 v.

246 1005 467 1055 Ἀμιναῐον),
510 1006 724 1045 Ardeatino
764 1006 804 1043 in
847 1019 941 1056 agro
986 1006 1146 1054 (Colum.
1189 1006 1247 1044 III
1289 1008 1324 1051 9,
1341 1006 1401 1055 2),
1444 1007 1483 1044 in
1526 1006 1757 1044 Carseolano

248 1069 412 1116 (Colum.
450 1068 573 1116 ibid),
611 1068 650 1106 in
678 1068 838 1106 'Albano
877 1068 1040 1115 (Colum.
1083 1068 1204 1117 ibid),
1245 1069 1284 1106 in
1313 1068 1444 1107 Sicilia
1485 1068 1633 1117 (Galen.
1663 1068 1758 1106 XIII

246 1133 323 1171 659
352 1135 390 1170 et
417 1132 512 1170 XIV
533 1131 609 1180 16),
638 1132 678 1170 in
708 1131 819 1181 Syria
838 1131 951 1180 (Plin.
982 1131 1030 1169 N.
1052 1132 1101 1169 H.
1121 1132 1216 1170 XIV
1234 1132 1315 1180 41),
1345 1132 1383 1170 in
1403 1132 1588 1181 Bithynia
1608 1131 1754 1180 (Galen.

246 1194 304 1233 VI
323 1195 398 1233 337
429 1198 467 1233 et
486 1194 579 1233 XIV
600 1196 659 1240 16,
691 1194 842 1233 Oribas.
863 1194 899 1232 V
919 1195 942 1233 6
968 1208 1004 1244 p.
1027 1195 1131 1243 349),
1162 1195 1209 1233 ad
1229 1195 1407 1233 Tmolum
1426 1197 1596 1233 montem
1614 1193 1756 1244 Lydiae

248 1259 379 1306 (Prob.
411 1260 459 1296 ad
486 1258 605 1309 Verg.
636 1259 776 1308 Georg.
805 1258 844 1296 Π
863 1258 941 1306 98).

349 1320 518 1360 Faecula
553 1320 717 1359 Aminea
754 1320 889 1359 Musae
923 1321 971 1359 ab
1000 1320 1116 1359 Varia
1149 1321 1281 1359 Potita
1313 1320 1534 1359 inscribitur
1561 1319 1618 1358 IV
1652 1334 1689 1370 p.
1720 1319 1757 1357 Il

243 1385 358 1422 5730.
416 1384 509 1422 Cum
546 1384 698 1422 faecula
735 1398 782 1423 ex
823 1385 913 1422 vino
941 1384 1117 1429 Amineo,
1162 1385 1264 1434 quod
1306 1397 1427 1433 genus
1467 1385 1569 1421 inter
1611 1383 1758 1433 optima

246 1449 489 1485 numeratum
518 1460 600 1486 esse
629 1447 803 1492 vidimus,
841 1447 947 1486 facta
985 1447 1143 1493 dicatur,
1187 1446 1347 1485 dubium
1383 1459 1467 1485 esse
1503 1459 1581 1484 non
1616 1448 1757 1496 potest,

244 1510 337 1560 quin
364 1509 428 1548 hic
457 1524 536 1549 non
566 1511 611 1549 de
640 1511 728 1549 vino
757 1524 898 1555 crasso,
927 1510 1094 1556 turbido,
1123 1510 1261 1548 infami
1290 1513 1440 1559 agatur,
1470 1510 1583 1559 quale
1613 1523 1635 1547 a
1654 1509 1759 1547 Mar·-

243 1572 329 1610 tiali
374 1570 406 1624 (Ι
437 1574 523 1618 103,
548 1575 570 1612 9
613 1573 818 1611 Veientani
857 1572 1004 1612 bibitur
1052 1573 1143 1611 faex
1185 1586 1316 1611 crassa
1356 1572 1515 1617 rubelli;
1557 1572 1576 1610 I
1614 1572 1716 1618 26,9
1736 1586 1759 1610 a

249 1648 423 1685 caupone
462 1666 469 1673 .
501 1666 508 1673 .
539 1666 547 1674 .
582 1636 671 1674 faex
704 1635 901 1684 Laletana)
940 1636 1193 1686 significatur.
1233 1634 1441 1681 Quaeritur
1477 1635 1570 1685 quid
1606 1635 1759 1674 faecula

248 1697 342 1736 haec
378 1698 505 1736 fuerit.
561 1698 691 1748 Atque
725 1699 815 1736 faex
856 1698 1031 1736 vinorum
1068 1699 1170 1749 apud
1207 1698 1401 1737 Romanos
1443 1698 1566 1736 multo
1606 1698 1646 1736 in
1687 1712 1760 1736 usu

247 1763 339 1798 erat.
398 1760 492 1799 Cato
522 1761 566 1809 (r.
597 1775 628 1800 r.
650 1761 742 1810 153)
770 1761 878 1800 faece
911 1760 974 1798 ‘ad
1011 1762 1140 1798 vinum
1172 1759 1358 1807 faecatum
1390 1759 1627 1807 faciendum’,
1658 1761 1759 1810 quod

245 1825 344 1862 servi
372 1824 568 1870 bibebant,
597 1825 789 1863 utebatur.
835 1824 958 1863 Faece
986 1824 1064 1862 vini
1101 1823 1221 1862 dulcis
1260 1824 1428 1862 admixta
1455 1823 1586 1862 vinum
1622 1823 1757 1861 durum

249 1900 366 1925 suave
420 1887 503 1925 fieri
558 1887 755 1926 Palladius
806 1887 877 1936 (XI
924 1888 984 1932 14,
1007 1886 1047 1932 5)
1102 1890 1139 1925 et
1194 1885 1406 1925 Columella
1461 1885 1550 1934 (XII
1595 1886 1661 1933 28)
1692 1886 1757 1923 do-

247 1953 333 1988 cent
383 1947 446 2000 (cf.
484 1951 579 1989 Hor.
617 1953 690 1989 sat.
733 1950 773 1988 II
809 1951 845 1996 4,
875 1950 926 1987 54
967 1948 1192 1986 Surrentina
1232 1952 1337 1995 vater
1376 1950 1440 1996 qm·
1491 1950 1618 1986 miscet
1655 1948 1757 1995 faece

250 2011 450 2061 Falerna).
507 2013 635 2062 Atque
673 2014 768 2051 adeo
805 2013 936 2051 vinum
971 2025 1205 2057 mucescens,
1245 2013 1348 2062 quod
1386 2011 1463 2050 iam
1498 2025 1627 2062 vappa
1661 2015 1755 2055 erat,

249 2075 289 2113 in
329 2075 475 2114 faecem
515 2075 595 2114 vini
633 2076 723 2114 boni
763 2076 935 2114 infusum
974 2075 1118 2113 servari
1159 2075 1424 2125 putabatur¹).
1488 2074 1625 2125 Neque
1665 2087 1757 2113 vero

247 2139 438 2177 saeculam
465 2138 671 2178 Amineam
703 2139 751 2177 iis
786 2139 901 2177 rebus
937 2138 1180 2177 inservivisse
1211 2141 1318 2187 puto,
1357 2138 1435 2182 sed,
1476 2151 1563 2176 cum
1590 2137 1758 2176 Galenus

248 2201 323 2239 XII
358 2202 447 2240 490>
471 2202 619 2240 faecem
656 2201 737 2240 vini
777 2204 905 2240 ustam
940 2215 962 2239 a
995 2200 1181 2239 Romanis
1231 2198 1373 2249 φέκλην
1415 2201 1604 2250 appellari
1656 2201 1758 2239 dicat

247 2264 272 2311 (.
295 2292 303 2300 .
334 2294 342 2301 .
372 2264 505 2314 τρυγὸς
538 2265 639 2301 οἴνου
676 2262 928 2313 πεπαυμένης,
967 2262 1012 2312 ἣν
1048 2262 1226 2312 Ῥωμαῖοι
1263 2261 1406 2312 φὲκλην
1433 2261 1638 2314 καλοῦσιν),
1679 2264 1760 2301 sine

249 2328 366 2367 dubio
400 2328 501 2367 idem
540 2331 633 2376 erat,
674 2329 778 2380 quod
816 2342 886 2367 nos
930 2327 1162 2377 ‘yebrannter
1194 2326 1417 2373 Weinstein,
1456 2325 1756 2365 Weinsteinsalz'

247 2391 490 2430 nominamus
525 2396 563 2431 et
601 2406 676 2442 quo
711 2392 850 2431 medici
889 2392 1122 2442 permultum
1162 2391 1370 2429 utebantur
1383 2388 1423 2440 2).
1480 2390 1585 2435 Quae
1627 2390 1758 2440 opinio
1832 2388 1835 2391 ’

246 2453 567 2494 medicamentum
596 2455 790 2506 quoddam
817 2454 1028 2505 significari
1056 2453 1173 2492 etiam
1200 2454 1350 2493 nomine
1379 2453 1526 2498 Musae,
1557 2453 1660 2504 quod
1690 2453 1758 2491 ad-

330 2561 360 2601 1)
384 2561 432 2593 Cf.
454 2561 494 2593 K.
518 2562 554 2593 B.
578 2562 760 2598 Hofmann,
785 2561 958 2593 Getranke
981 2561 1042 2593 der
1065 2560 1235 2593 Griechen
1258 2560 1327 2592 und
1349 2560 1474 2592 R6mer
1497 2569 1576 2591 vom
1604 2559 1757 2600 hygieni-

251 2613 356 2646 schen
377 2613 625 2656 Standpunkte.
671 2614 831 2647 Deutsch.
855 2614 954 2646 Arch.
976 2614 1033 2645 fiir
1047 2613 1252 2646 Geschichte
1276 2613 1335 2644 der
1349 2612 1509 2650 Medizin,
1526 2613 1545 2644 6
1561 2612 1669 2653 [1883]
1687 2612 1756 2644 278.

331 2667 363 2708 2)
385 2667 435 2698 Cf.
459 2666 621 2708 Hippocr.
645 2668 659 2698 I
682 2668 753 2700 685.
777 2667 896 2700 Galen.
919 2666 997 2698 XIV
1019 2667 1089 2698 173.
1113 2667 1184 2698 392.
1207 2666 1269 2698 XII
1291 2667 1362 2698 490.
1386 2667 1459 2697 491.
1485 2666 1574 2697 1001.
1607 2664 1694 2696 Plin.
1717 2665 1756 2696 N.

251 2720 291 2751 Η.
314 2720 392 2751 XXI
415 2720 484 2752 148.
508 2720 618 2752 XXIII
641 2721 776 2753 63-65.
805 2719 957 2752 Scribon.
980 2719 1041 2751 228
1064 2721 1099 2751 et
1121 2720 1192 2751 230,
1227 2719 1347 2761 Veget.
1382 2719 1428 2750 III
1450 2720 1499 2757 26,
1524 2719 1552 2750 3.
1587 2717 1632 2749 VI
1656 2718 1704 2755 16,
1730 2719 1755 2749 l.

248 2772 297 2804 Cf.
321 2772 425 2805 etiam
447 2772 527 2805 Hor.
552 2774 614 2805 sat.
637 2772 668 2804 II
690 2773 719 2811 8,
742 2773 761 2805 9
785 2772 971 2814 ‘pervellunt
994 2772 1193 2804 stomachum
1215 2796 1223 2804 .
1247 2797 1255 2804 .
1278 2796 1286 2804 .
1311 2796 1317 2803 .
1340 2772 1469 2812 faecula
1495 2771 1583 2803 Coa’.
