2097 3191
896 249 946 255 .-
1001 229 1050 266 23
1094 200 1157 254 ’,-

272 336 313 371 et
341 333 472 372 herbis
502 346 545 370 ac
568 332 886 371 medicaminibus
913 330 1040 370 noxiis
1058 332 1189 371 vinum
1218 334 1509 382 corrumperent
1529 329 1643 378 (Plin.
1665 328 1715 367 N.
1738 329 1787 367 H.

271 396 366 435 XIV
396 397 473 442 68).
529 397 657 435 Etiam
692 396 845 435 Graecis
882 399 921 434 et
949 396 1057 435 Afris
1091 396 1301 446 opprobrio
1338 396 1576 439 vertebatur,
1611 395 1715 444 quod
1751 396 1789 431 et

274 461 388 509 copia
414 460 533 498 nimia
562 473 684 510 aquae
711 459 881 498 marinae
910 462 949 498 et
977 473 1101 509 gypso
1127 462 1166 497 et
1185 459 1287 497 calce
1307 459 1435 497 vinum
1456 458 1637 508 mitigare
1657 456 1788 494 stude-

276 523 372 561 bant
399 523 513 570 (Plin.
543 523 592 561 N.
615 523 662 560 H.
693 522 786 560 XIV
808 522 911 570 120).
951 523 1194 573 Quamquam
1222 521 1343 572 igitur
1370 522 1408 559 id
1427 535 1548 572 genus
1568 521 1648 559 vini
1675 533 1789 570 prae-

278 586 557 625 stantissimum
593 599 676 624 esse
714 586 940 635 putabatur,
978 586 1083 636 quod
1120 588 1258 634 suapte
1291 588 1429 623 natura
1467 585 1620 634 placere
1662 582 1791 633 potuit

275 648 439 697 (Colum.
460 648 536 687 XII
558 647 632 696 19),
662 651 791 686 tamen
818 647 897 686 iam
915 651 1086 686 mustum
1107 661 1129 685 a
1148 646 1390 685 curatoribus
1410 647 1591 684 cellarum
1609 644 1789 684 remediis

275 715 393 762 atque
422 712 569 749 artibus
598 712 849 758 tractabatur,
878 712 916 748 id
945 711 1049 761 quod
1068 710 1263 748 innocenti
1292 710 1456 759 quodam
1475 710 1593 747 verbo
1614 711 1790 746 ‘mustum

273 775 411 811 curari'
433 773 612 812 dicebant
633 773 797 819 (Pallad.
819 774 874 811 XI
896 773 972 822 14).
1012 774 1069 812 De
1089 773 1204 811 variis
1225 772 1555 811 condimentorum
1583 771 1788 822 generibus

273 837 462 886 optimam
504 836 672 874 instituit
700 836 965 886 quaestionem
995 836 1041 874 K.
1064 837 1107 875 B.
1138 836 1336 874 Hofmann
1363 835 1403 872 in
1431 834 1530 872 libro
1560 835 1624 884 qui
1651 834 1788 871 inscri-

278 900 401 938 bitur:
432 899 627 938 Getr'anke
657 900 723 937 der
742 899 931 938 Griechen
959 901 1037 938 und
1065 900 1206 938 Romer
1232 913 1321 937 vom
1348 898 1627 948 hygienischen
1647 897 1788 936 stand-

274 963 423 1012 punkte
459 962 661 1005 (Deutsch.
691 961 838 1000 Archiv
879 963 906 1000 f.
937 962 1073 1001 Gesch.
1104 963 1138 1000 d.
1169 962 1337 1001 Medizin
1366 961 1432 999 VI.
1470 961 1627 1012 Leipzig
1656 960 1785 1008 1883),

275 1028 393 1076 atque
423 1025 592 1065 ostendit
611 1040 727 1076 quam
745 1027 862 1065 noxia
880 1028 1070 1065 interdum
1098 1027 1166 1065 illa
1192 1026 1360 1063 ‘curatio’
1378 1026 1587 1064 valetudini
1616 1025 1734 1064 fuerit
1744 1024 1785 1073 l).

382 1089 524 1125 ‘Mad’
546 1089 600 1126 IV
621 1103 658 1138 p.
679 1089 849 1134 115591,
881 1089 972 1139 quid
999 1089 1117 1128 fuerit
1141 1089 1233 1127 Mau
1261 1103 1300 1127 se
1329 1090 1382 1126 ait
1408 1088 1566 1126 nescire.
1605 1087 1788 1125 Fortasse

273 1153 404 1190 vinum
433 1152 735 1203 intellegendum
773 1155 831 1190 est
858 1153 972 1191 mado
1010 1153 1167 1198 factum,
1206 1153 1307 1203 quod
1343 1165 1465 1203 genus
1502 1151 1591 1189 vitis
1628 1151 1738 1188 albae
1767 1163 1789 1188 a

274 1215 402 1254 Plinio
432 1215 496 1264 (N.
520 1216 568 1252 H.
590 1216 723 1253 XXIII
741 1216 806 1264 21)
837 1220 1170 1254 commemoratur.

380 1277 607 1326 ‘Limpffl'
626 1278 700 1316 XV
715 1279 830 1323 4736,
852 1279 992 1317 similia
1010 1278 1066 1316 IV
1086 1292 1122 1329 p.
1145 1279 1182 1317 11
1197 1278 1469 1323 5605-5627,
1492 1278 1594 1316 5628
1608 1274 1788 1327 ‘Limp(a)

271 1341 407 1388 vet(us)
428 1340 508 1377 III
531 1341 596 1386 (se.
617 1341 816 1389 armorum)
837 1341 895 1378 M.
918 1341 1029 1377 Porci
1045 1341 1285 1389 Nymphodi’.
1322 1341 1429 1379 Idem
1450 1340 1602 1391 signum
1623 1340 1791 1377 occurrit

275 1403 394 1442 etiam
430 1402 470 1441 in
506 1402 564 1441 IV
591 1403 694 1441 2588
734 1407 771 1442 et
808 1404 848 1442 in
886 1404 972 1442 aliis
1007 1403 1324 1453 inscriptionibus
1360 1403 1477 1441 variis
1514 1402 1654 1441 formis⁴
1685 1402 1790 1440 velut

274 1466 417 1504 LYMP
439 1466 500 1503 vel
528 1465 670 1503 LVMP
691 1466 795 1504 VET
822 1467 883 1504 vel
910 1466 1020 1504 LVM
1039 1466 1146 1504 VET
1176 1466 1239 1504 vel
1266 1465 1390 1504 LIMP
1409 1466 1469 1503 vel
1497 1464 1679 1503 LYMFA
1708 1464 1787 1513 (In-

271 1529 406 1579 script.
436 1528 560 1579 Neap.
593 1528 730 1576 7146);
761 1529 898 1579 quibus
926 1529 1188 1579 hydrogarum
1218 1527 1429 1579 significari
1457 1528 1673 1567 Dresselius
1710 1541 1787 1566 non

277 1594 382 1630 recte
410 1596 547 1641 putare
577 1591 738 1637 videtur,
767 1606 856 1630 nam
883 1606 928 1630 ex
956 1592 1205 1642 inscriptione
1233 1592 1289 1629 IV
1316 1605 1354 1641 p.
1375 1591 1412 1629 II
1440 1592 1542 1629 5622
1573 1590 1785 1639 mammae)

282 1652 522 1703 Ves(uvinae)
538 1653 598 1690 M.
621 1652 765 1690 Valerii
775 1653 971 1692 Heli-adis'
989 1668 1067 1692 non
1087 1667 1222 1705 garum
1244 1655 1310 1692 sed
1324 1654 1454 1692 vinum
1472 1654 1593 1692 fuisse
1613 1656 1785 1703 apparet.

272 1715 437 1755 Accedit
464 1717 567 1766 quod
595 1716 749 1755 Marcus
778 1716 958 1755 Valerius
987 1716 1244 1756 Abinnericus
1273 1720 1463 1755 mercator
1491 1716 1662 1755 vinarius
1698 1708 1784 1760 fuit,

270 1779 340 1830 qui
369 1780 486 1818 etiam
514 1779 570 1818 IV
590 1780 687 1818 5611
720 1780 893 1830 lympam
923 1780 989 1829 (14
1009 1779 1198 1830 exempla)
1228 1783 1266 1819 et
1289 1780 1345 1818 IV
1365 1781 1625 1819 2599-2601
1656 1781 1786 1818 vinum

272 1842 479 1891 Lun(ense)
509 1843 690 1881 vendidit.
748 1842 894 1888 Quodsi
920 1844 976 1882 IV
996 1844 1098 1882 2585
1127 1845 1252 1883 LIME
1263 1842 1381 1882 lllVE
1401 1842 1477 1882 λΙΙιλ
1495 1844 1547 1882 Μ.
1570 1843 1786 1881 VALERI-

277 1905 573 1944 ABINNERIO
599 1905 756 1955 legitur,
787 1919 873 1943 cum
893 1907 939 1945 de
958 1908 1046 1945 vino
1066 1907 1262 1956 Lime(nsi)
1291 1910 1492 1957 praeterea
1509 1907 1645 1957 ignoto
1666 1907 1791 1944 editor

275 1969 434 2019 cogitet,
477 1968 655 2018 equidem
694 1982 765 2018 pro
806 1971 909 2007 certo
946 1970 1072 2008 habeo
1106 1970 1301 2020 LIMF(A)
1330 1971 1391 2009 vel
1429 1969 1621 2018 LIMF(A)
1651 1969 1789 2017 VE(T)

271 2032 479 2081 legendum
509 2044 603 2075 esse,
640 2034 683 2068 ut
716 2031 756 2069 in
784 2032 944 2081 reliquis
973 2032 1144 2071 eiusdem
1173 2035 1398 2071 mercatoris
1425 2034 1477 2071 M.
1498 2032 1647 2071 Valerii
1666 2033 1790 2070 Abin—

275 2094 395 2133 nerici
424 2093 632 2145 amphoris·
690 2094 787 2140 Quid
832 2101 961 2134 autem
1002 2096 1119 2135 fuerit
1159 2097 1290 2147 limpa,
1330 2097 1433 2135 haud
1475 2096 1572 2135 satis
1613 2099 1790 2135 constare

275 2158 437 2196 videtur.
476 2157 613 2207 Neque
632 2161 761 2196 tamen
784 2159 1061 2205 ‘inpermixtam
1082 2159 1283 2206 Iimporem’
1305 2160 1344 2205 (i.
1367 2174 1401 2209 q.
1422 2159 1544 2203 limfa,
1566 2159 1615 2196 cf.
1636 2159 1787 2196 Nonius

271 2233 310 2271 p.
332 2219 455 2269 2124)
481 2219 619 2259 Lucilii
647 2220 774 2269 (Marx
803 2221 890 2259 Luc.
913 2221 1028 2272 frgm.
1049 2221 1183 2261 incert.
1206 2223 1284 2261 sed.
1308 2223 1435 2268 1196),
1465 2235 1590 2273 neque
1616 2221 1788 2271 lumpam

272 2283 521 2330 Vesuvinam,
563 2298 687 2334 neque
726 2285 901 2335 Limpam
939 2288 1011 2323 vet.
1051 2286 1168 2323 trium
1207 2299 1391 2325 annorum
1432 2299 1553 2336 genus
1596 2285 1786 2335 quoddam

273 2346 485 2397 hydrogari
514 2350 581 2385 aut
609 2361 747 2397 aquam
774 2348 987 2398 limpidam,
1031 2349 1097 2386 sed
1125 2349 1255 2387 vinum
1291 2363 1442 2399 purum,
1480 2362 1554 2387 non
1591 2347 1786 2385 turbidum
1842 2396 1845 2398 Ι

271 2413 339 2446 aut
358 2409 618 2447 faeculentum
636 2410 758 2448 fuisse
776 2411 1002 2460 putaverim,
1033 2423 1118 2449 cum
1140 2410 1359 2449 Palladium
1389 2411 1459 2459 (XI
1482 2412 1540 2455 14,
1560 2412 1620 2455 12)
1649 2421 1786 2458 sequar

271 2474 481 2517 auctorem,
525 2471 592 2522 qui
630 2473 753 2518 docet,
807 2487 884 2523 qua
922 2473 1075 2511 ratione
1115 2474 1255 2510 ‘vinum
1293 2473 1417 2511 eadem
1458 2473 1517 2509 die
1555 2484 1600 2509 ear
1637 2473 1785 2508 austero

271 2534 469 2581 limpidum
503 2538 612 2582 atque
650 2536 843 2583 optimum’
870 2536 949 2574 fiat.
1007 2536 1113 2573 ‘Item
1150 2536 1396 2583 faeculentum
1433 2536 1559 2572 statim
1587 2533 1784 2581 limpidum

356 2638 387 2676 1)
409 2637 458 2668 De
475 2637 651 2669 curatione
674 2638 745 2669 vini
761 2639 803 2669 cf.
820 2639 921 2670 etiam
941 2640 974 2671 F.
990 2639 1024 2671 C.
1041 2639 1171 2677 Hessel,
1195 2639 1257 2671 Die
1271 2636 1784 2677 Weinveredelungsmethoden

269 2689 329 2722 des
352 2689 539 2721 Altertums
563 2689 759 2730 verglichen
773 2691 836 2723 mit
852 2691 962 2723 denen
979 2691 1039 2723 der
1053 2691 1216 2731 heutigen
1232 2690 1313 2727 Zeit,
1330 2689 1493 2729 Marburg
1510 2688 1590 2720 1856
1613 2699 1645 2729 p.
1657 2689 1782 2720 40—61

268 2743 306 2774 et
320 2741 445 2774 Theod.
463 2741 603 2782 KeppeL
627 2741 689 2774 Die
705 2742 990 2785 Weinbereitung
1012 2743 1057 2774 im
1074 2743 1244 2775 Altertum
1266 2741 1337 2773 und
1358 2741 1394 2772 in
1417 2741 1477 2773 der
1491 2739 1641 2778 Neuzeit,
1666 2741 1783 2782 Progr.

268 2795 442 2836 Bayreuth
465 2794 555 2827 1896.
