2097 3191
300 325 485 375 scriptum
515 328 584 369 est,
615 323 900 372 comprobatur.
960 323 1129 362 Galenus
1158 325 1259 363 enim
1286 324 1327 363 in
1356 324 1559 375 capitibus,
1600 340 1698 376 quae
1727 332 1820 367 sunt

299 389 345 427 de
365 387 643 438 compositione
661 386 1029 425 medicamentorum
1048 388 1256 426 secundum
1270 388 1388 434 locos,
1410 402 1526 439 saepe
1546 390 1594 428 ad
1610 393 1818 441 praecepta

300 452 434 489 Musae
461 449 600 489 medici
628 451 792 489 recurrit
806 449 847 498 ¹).
901 450 986 489 Hac
1014 451 1266 501 inscriptione
1295 465 1388 503 ergo
1407 451 1601 491 indicatur
1627 453 1819 492 faeculam

300 529 346 553 ex
375 514 521 564 optimo
550 509 686 551 vitium
715 526 856 564 genere
886 514 1094 552 secundum
1122 517 1330 564 praecepta
1353 514 1488 552 Musae
1516 515 1654 554 medici
1672 515 1818 554 factam

299 582 337 616 et
364 577 467 615 haud
495 576 577 614 scio
607 590 657 615 an
686 590 773 615 cum
802 577 886 615 aliis
906 576 1194 616 medicamentis
1223 591 1245 616 a
1263 577 1383 616 Varia
1403 577 1534 616 Potita
1563 579 1818 628 compositam

298 654 392 679 esse.

403 703 464 741 Ex
483 702 737 742 Aminearum
765 704 902 743 vitium
931 705 1100 756 quinque
1129 705 1333 756 generibus
1359 704 1474 753 (Plin.
1495 704 1545 743 N.
1567 704 1615 742 H.
1636 705 1730 743 XIV
1751 705 1820 753 21)

297 781 395 805 uvae
425 767 458 804 G
475 767 729 812 emellae,
761 782 859 817 quae
888 770 943 806 ita
971 770 1218 814 vocabantur,
1249 769 1351 819 quod
1391 768 1564 818 duplices
1606 782 1699 806 uvas
1736 769 1819 807 exi-

296 830 443 879 gebant
482 829 643 879 (Colum.
674 830 732 868 III
761 832 796 876 2,
815 829 866 879 7),
901 831 1164 870 nobilissimae
1198 835 1307 871 erant
1340 831 1455 881 (Plin.
1477 831 1525 870 N.
1548 831 1596 870 H.
1619 831 1710 870 XIV
1738 831 1819 880 22).

297 893 439 931 Vinum
470 907 515 931 ex
543 893 592 931 iis
626 897 761 931 natum
790 893 1039 942 Gem(ellum)
1068 895 1142 932 XV
1162 896 1265 932 4572
1295 895 1495 933 dicebatur
1524 895 1588 942 (cf.
1619 895 1736 933 etiam
1763 894 1819 932 IV

296 957 398 995 2677
428 954 701 995 PEMEAAOC
725 963 736 997 ΙΙ
760 956 787 994 C
805 975 813 983 ·
832 956 887 995 V·
903 957 944 995 F.
959 957 1001 1005 ²).

402 1020 478 1069 Ap
496 1021 673 1058 ianum
716 1019 790 1057 XV
822 1021 926 1058 4536
968 1020 1100 1058 vinum
1143 1024 1226 1059 erat
1268 1035 1313 1058 ex
1356 1022 1497 1070 apiana
1537 1036 1623 1066 uva,
1666 1024 1823 1070 praeter

298 1083 500 1121 Amineam
528 1083 777 1122 celeberrima
807 1083 969 1132 (Pallad.
1000 1083 1057 1121 III
1085 1085 1120 1128 9,
1138 1085 1162 1122 4
1182 1083 1329 1122 Colum.
1350 1084 1408 1122 III
1428 1086 1463 1129 2,
1483 1085 1528 1121 17
1559 1086 1598 1122 et
1616 1083 1691 1122 XII
1715 1084 1776 1128 39,
1794 1084 1821 1121 3

297 1145 397 1184 Plin.
427 1145 476 1183 N.
499 1145 548 1183 H.
579 1145 672 1183 XIV
706 1147 784 1194 24).
842 1145 1084 1195 Quamquam
1112 1146 1186 1184 hoc
1216 1159 1351 1195 genus,
1383 1147 1456 1182 ‘cui
1483 1157 1573 1192 apes
1601 1145 1733 1182 dedere
1762 1157 1819 1181 co-

293 1218 452 1255 {momen
475 1209 677 1254 praecipue
705 1220 834 1245 earum
855 1207 998 1245 avidae’
1029 1208 1145 1255 (Plin.
1167 1207 1290 1255 ibid),
1320 1208 1575 1258 inscriptione
1603 1206 1822 1258 significari

296 1273 402 1319 puto,
431 1273 561 1307 tamen
591 1269 708 1307 etiam
737 1271 783 1308 de
803 1270 891 1308 vino
911 1271 1060 1320 apianis
1084 1269 1309 1318 (Kamillen)
1331 1270 1488 1308 condito
1509 1270 1682 1320 cogitare
1715 1269 1821 1313 licet,

297 1346 383 1370 cum
412 1332 548 1370 Isidor.
581 1331 707 1382 (Orig.
740 1333 801 1377 17,
820 1334 855 1378 5,
873 1334 939 1377 20)
968 1332 1017 1370 iis
1045 1333 1176 1371 herbis
1205 1333 1336 1370 vinum
1366 1333 1478 1370 dulce
1506 1333 1589 1370 fieri
1618 1331 1731 1370 dicat.

403 1395 441 1433 H
457 1409 476 1433 e
492 1396 504 1433 l
520 1409 575 1433 ve
589 1410 610 1434 o
626 1396 639 1433 l
655 1410 680 1433 11
694 1409 733 1433 111
763 1395 835 1433 XV
854 1396 968 1433 4574.
1026 1395 1216 1434 Helveola
1247 1395 1357 1444 (Cato
1387 1409 1469 1446 cap.
1493 1394 1624 1433 XXIV
1644 1399 1682 1434 et
1706 1394 1762 1433 VI
1782 1395 1819 1440 4,

296 1458 422 1497 Varro
442 1459 460 1496 I
488 1473 572 1508 cap.
602 1458 712 1496 XXV
741 1459 806 1496 ubi
838 1458 924 1496 Keil
953 1459 1050 1509 legit
1081 1458 1265 1507 ⁴helvola')
1295 1459 1356 1496 vel
1384 1459 1538 1497 helvola
1567 1458 1732 1505 (Colum.
1762 1458 1819 1496 III

297 1523 333 1567 2,
350 1520 417 1570 23)
446 1522 508 1560 vel
536 1521 665 1560 helvia
694 1521 809 1570 (Plin.
832 1521 880 1559 N.
903 1521 953 1559 H.
975 1521 1068 1559 XIV
1089 1522 1153 1569 46)
1185 1535 1308 1572 genus
1338 1522 1426 1560 vitis
1447 1524 1539 1567 erat,
1570 1536 1668 1572 quae
1698 1535 1822 1571 aeque

300 1588 414 1634 atque
443 1585 608 1623 Aminea
635 1585 731 1623 locis
760 1585 833 1623 soli
863 1586 1025 1623 ostentis
1056 1585 1333 1623 conserebatur
1362 1584 1475 1632 (Cato
1506 1584 1560 1622 VI
1579 1587 1614 1630 4,
1645 1584 1770 1622 Varro
1801 1584 1819 1622 I

300 1661 381 1696 cap.
413 1646 534 1691 XXV,
565 1646 649 1685 Pin.
680 1646 729 1684 N.
759 1647 808 1684 H.
840 1647 932 1684 XIV
959 1647 1036 1695 46).
1094 1646 1335 1696 Quamquam
1364 1647 1458 1685 Cato
1496 1647 1535 1694 (l.
1566 1646 1614 1694 c.)
1653 1647 1820 1685 helveoli

298 1710 378 1748 vini
406 1710 577 1748 faciundi
605 1710 796 1748 rationem
825 1711 946 1754 docet,
977 1724 1063 1747 cum
1092 1710 1140 1747 ad
1167 1709 1388 1747 helveolum
1417 1709 1533 1747 etiam
1561 1709 1744 1760 Apicium
1767 1713 1820 1764 ‘et

298 1773 495 1811 defrutum
524 1773 743 1811 addendum
763 1786 846 1811 esse
866 1773 981 1817 dicat,
1012 1775 1141 1810 tamen
1161 1771 1259 1809 nihil
1279 1772 1421 1817 obstat,
1452 1771 1544 1821 quin
1569 1773 1823 1822 inscriptione

297 1835 429 1874 vinum
457 1849 604 1874 merum
634 1836 844 1885 significari
872 1839 1064 1886 putemus.

403 1898 587 1937 Plurimis
615 1911 706 1936 vero
735 1898 837 1936 notis
866 1899 1068 1944 indicatur,
1106 1912 1182 1949 qua
1210 1898 1249 1936 in
1277 1901 1392 1942 terra,
1422 1911 1500 1947 quo
1529 1898 1568 1935 111
1598 1911 1704 1948 agro,
1743 1911 1822 1948 quo

297 1963 335 2000 in
366 1962 485 2000 fundo
515 1962 670 1999 ‘natum’
703 1962 755 2000 sit
782 1961 923 2000 vinum.
965 1961 1022 2000 Ac
1050 1962 1218 2011 primum
1248 1961 1403 2011 quidem
1431 1961 1532 1999 inter
1558 1961 1719 2012 triginta
1737 1961 1823 1999 fere

296 2025 453 2064 nomina
471 2025 650 2064 vinorum
677 2025 826 2070 Italiae,
856 2038 954 2075 quae
982 2025 1022 2063 111
1044 2025 1241 2075 amphoris
1259 2025 1452 2074 leguntur,
1483 2024 1631 2062 nullum
1664 2023 1823 2073 saepius

300 2102 500 2126 occurrere
529 2102 646 2138 quam
674 2088 968 2126 Falernum
1002 2088 1142 2126 mirum
1169 2102 1247 2126 non
1276 2090 1346 2126 est.
1401 2087 1492 2124 Non
1528 2088 1642 2125 modo
1670 2087 1824 2125 Romae

299 2150 372 2189 XV
402 2153 516 2189 4511.
547 2153 661 2190 4532.
694 2152 809 2197 4559,
840 2153 907 2190 sed
936 2151 1054 2190 etiam
1074 2151 1308 2202 Carthagine
1328 2151 1423 2189 VIII
1453 2150 1490 2189 S.
1512 2150 1571 2189 III
1598 2151 1739 2195 22640,
1756 2152 1821 2188 21.

299 2215 363 2252 22.
384 2215 434 2252 26
464 2215 674 2264 amphorae
702 2218 878 2265 repertae
908 2218 1008 2260 sunt,
1037 2214 1077 2252 in
1106 2215 1246 2264 quibus
1266 2215 1346 2253 vini
1365 2214 1518 2252 Falerni
1546 2214 1690 2252 mentio
1719 2214 1763 2251 fit
1776 2212 1821 2262 ³).

385 2316 415 2355 1)
438 2316 556 2348 Galen.
580 2316 643 2347 XII
667 2317 726 2347 737
750 2319 828 2355 πρὸς
851 2319 1037 2355 ὀξυδερκίαν
1059 2319 1230 2348 Ἀντωνίου
1253 2320 1373 2348 Μοὺσα.
1420 2316 1468 2347 Cf.
1493 2316 1598 2347 etiam
1631 2315 1713 2346 ibid.
1747 2316 1818 2346 739.

299 2369 369 2400 740.
395 2369 464 2399 741.
489 2368 567 2399 ΧΙΙΙ
593 2369 641 2399 14.
665 2369 716 2399 47.
740 2369 790 2400 57.
816 2369 864 2399 61.
885 2369 954 2399 104.
972 2369 1040 2400 108.
1058 2369 1129 2400 206.
1145 2370 1217 2401 263.
1235 2369 1306 2406 326,
1331 2369 1372 2400 cf.
1392 2368 1497 2400 etiam
1513 2367 1819 2407 Pauly-Wissowa,

297 2419 584 2460 Rveal-Encyclop.
610 2431 635 2450 s.
660 2430 689 2451 v.
714 2419 884 2451 Antonius
909 2421 958 2451 79.

381 2472 412 2513 2)
437 2472 485 2504 De
509 2482 635 2513 genere
659 2474 694 2504 et
716 2483 779 2504 usu
804 2472 937 2504 Aminei
961 2473 1001 2504 cf.
1025 2473 1208 2505 Bluemner
1231 2473 1275 2504 ad
1298 2472 1357 2504 Ed.
1381 2472 1488 2504 Diocl.
1512 2472 1541 2503 II
1563 2472 1584 2503 4
1607 2473 1642 2503 et
1674 2471 1759 2503 Olck
1783 2471 1821 2503 in

298 2524 593 2565 Pauly-Wissowa,
616 2535 683 2557 s.v.
720 2524 769 2556 De
794 2524 1047 2557 adulteratione
1070 2526 1206 2558 Aminei
1230 2526 1404 2558 Hofmann
1426 2534 1506 2566 pag.
1532 2525 1604 2556 283.

381 2578 413 2618 3)
436 2578 596 2610 Fortasse
618 2580 736 2610 tamen
759 2577 902 2610 miretur
925 2578 1095 2619 quispiam
1118 2579 1300 2611 Falernum
1331 2578 1549 2619 exportatum
1579 2587 1653 2610 esse
1677 2577 1821 2609 Cartha-

297 2629 422 2671 ginem,
456 2640 533 2661 cum
555 2640 616 2662 eae
639 2630 799 2671 regiones
823 2629 918 2671 ipsae
942 2629 1123 2662 vindemiis
1146 2630 1196 2662 ita
1219 2629 1447 2667 abundarent,
1480 2631 1518 2662 ut
1539 2640 1679 2671 passum
1701 2639 1819 2661 eorum

297 2682 374 2714 aliis
408 2682 444 2713 in
479 2682 580 2714 terris
614 2682 715 2715 valde
748 2683 955 2724 probaretur
988 2683 1086 2723 (Plin.
1109 2683 1147 2715 N.
1172 2683 1212 2714 H.
1244 2682 1321 2714 XIV
1344 2682 1402 2719 81;
1437 2682 1568 2714 Pallad.
1592 2682 1637 2713 XI
1662 2681 1759 2721 19,1)
1784 2683 1819 2713 et

301 2738 394 2766 ‘uvae
425 2735 561 2774 fabriles
592 2735 700 2775 gloria
729 2735 925 2776 praecipua'
959 2735 1008 2766 ibi
1042 2738 1157 2767 essent
1193 2735 1293 2776 (Plin.
1316 2734 1356 2767 N.
1380 2733 1421 2765 Η.
1444 2734 1521 2765 XIV
1544 2734 1606 2775 16).
1652 2733 1718 2765 Sed
1741 2743 1820 2764 cum

296 2787 387 2819 ‘vi-na
409 2797 476 2819 non
498 2787 579 2818 alibi
602 2787 758 2820 tristiora*
782 2787 835 2828 (N.
857 2788 898 2819 H.
922 2787 1000 2819 XIV
1023 2789 1074 2828 14)
1099 2790 1214 2820 essent
1247 2798 1349 2829 quam
1379 2786 1415 2818 in
1438 2786 1564 2825 Africa,
1588 2788 1675 2818 ‘nam
1697 2785 1818 2825 Africa
