2097 3191
907 222 1166 259 -22-

282 326 481 376 amphoris
509 326 691 374 leguntur
719 328 785 362 aut
812 338 911 375 quae
939 324 1100 362 infamia
1129 325 1309 363 dicuntur
1337 327 1436 364 sicut
1465 326 1678 363 ‘Veientani
1714 324 1803 372 faex

282 400 415 426 crassa
435 388 580 425 rubelli’
612 388 742 436 (Mart.
763 387 781 426 I
803 387 888 433 103,
902 386 953 435 9),
982 387 1055 425 hoc
1084 401 1162 426 non
1190 390 1271 426 tam
1301 402 1390 427 casu
1419 389 1568 429 factum
1589 403 1673 429 esse
1692 392 1800 440 puto,

286 466 400 501 quam
429 453 530 501 quod
558 454 596 488 et
614 450 790 488 vinorum
820 450 1032 487 auctoritas
1052 450 1293 500 temporibus
1311 451 1472 489 mutatis
1490 453 1656 490 multum
1674 456 1801 491 muta-

288 515 413 559 batur,
444 517 486 551 ut
515 513 662 551 Plinius
690 513 773 563 ipse
802 513 920 551 semel
955 516 1070 563 atque
1104 514 1243 551 iterum
1277 516 1454 559 testatur,
1493 517 1531 553 et
1567 517 1668 565 quod
1703 515 1803 553 ratio

288 578 463 616 habenda
492 579 551 615 est
580 577 715 626 copiae
742 576 833 621 vini,
864 590 940 626 quo
970 576 1148 626 singulae
1176 577 1354 627 regiones
1376 577 1634 616 abundabant.
1678 578 1804 623 Quare

287 642 369 678 fieri
399 640 537 690 potuit,
577 642 621 677 ut
648 640 780 677 vinum
808 639 1005 682 Picenum,
1045 641 1147 690 quod
1187 655 1208 678 a
1244 640 1370 679 Plinio
1410 655 1488 679 non
1530 641 1722 686 laudatur,
1764 641 1804 679 in

284 703 423 742 Edicto
444 703 676 742 Diocletiani
706 702 758 751 (ΙΙ
782 704 818 750 1)
847 703 973 752 primo
1002 704 1089 742 loco
1119 708 1335 754 poneretur,
1366 704 1607 743 Tiburtinum
1635 705 1801 743 secundo

282 769 551 805 numeraretur
579 766 634 813 (ΙΙ
654 765 692 814 2)
701 764 744 814 1).

386 829 470 866 Iam
486 842 726 878 quaeramuS,
749 843 847 880 quae
862 829 951 867 vina
965 830 1005 868 in
1022 830 1195 880 singulas
1210 831 1390 881 regiones
1406 831 1466 868 vel
1483 830 1624 880 oppida
1637 830 1799 868 advecta

286 891 373 930 sint.
423 891 518 929 Cum
546 892 664 940 longe
693 892 849 942 plurimi
877 893 981 931 tituli
1010 893 1048 930 in
1080 893 1276 943 amphoris
1298 894 1456 939 Rornae,
1486 892 1679 944 Pompeis,
1710 892 1802 931 Car-

286 954 447 1005 thagine
474 956 637 1004 repertis
677 958 840 999 exstent,
883 956 1072 1006 imprimis
1114 957 1159 994 de
1201 957 1339 993 harum
1379 956 1531 993 urbium
1574 956 1802 993 commercio

281 1020 575 1069 commeatuque
603 1017 682 1056 vini
714 1032 814 1057 nunc
850 1019 1032 1058 certiores
1060 1019 1185 1057 fimus.
1243 1019 1448 1058 Romam
1484 1022 1611 1057 autem
1642 1019 1801 1057 undevi-

288 1082 387 1130 ginti
417 1095 560 1131 genera
579 1081 790 1131 importata
809 1096 893 1120 esse
912 1083 1102 1126 videmus;
1133 1096 1179 1120 ex
1198 1082 1409 1131 provinciis
1428 1081 1565 1120 vicinis
1586 1081 1802 1119 Caecubum

280 1143 355 1182 XV
376 1144 490 1189 4545,
512 1143 708 1182 Albanum
727 1143 800 1182 XV
821 1145 936 1189 4531,
958 1145 1184 1183 Fundanum
1212 1144 1282 1182 XV
1305 1145 1577 1190 4566—4569,
1599 1143 1802 1182 Privernas

282 1206 357 1245 XV
377 1207 492 1252 4587,
524 1206 729 1258 Signinum
758 1207 832 1246 XV
851 1208 966 1251 4740,
997 1208 1254 1247 Veientanum
1281 1208 1355 1246 XV
1374 1208 1497 1250 4595;
1528 1221 1574 1245 ex
1594 1207 1802 1257 Campania

283 1270 490 1308 Amineum
530 1270 767 1320 Campanum
801 1271 872 1309 XV
902 1272 1017 1315 4532,
1055 1271 1259 1309 Falernum
1297 1271 1369 1309 XV
1395 1271 1509 1308 4511.
1540 1271 1654 1309 4532.
1686 1270 1801 1315 4559,

286 1332 491 1372 Falernum
533 1332 785 1372 Faustianum
826 1334 900 1372 XV
930 1335 1046 1379 4553,
1090 1334 1296 1372 Falernum
1333 1335 1543 1372 Massicum
1582 1334 1657 1371 XV
1686 1334 1800 1377 4554,

287 1396 490 1434 Statanum
519 1396 593 1434 XV
621 1397 735 1442 4672,
766 1396 989 1436 Petrinense
1024 1397 1094 1435 XV
1123 1397 1241 1443 4625,
1280 1397 1549 1436 Surrentinum
1576 1395 1650 1435 XV
1677 1396 1801 1439 4592:

287 1473 333 1496 ex
354 1459 512 1497 Samnio
531 1459 846 1498 Beneventanum
866 1461 940 1498 XV
959 1462 1085 1505 4544;
1116 1475 1160 1498 ex
1181 1461 1327 1498 Brutiis
1347 1460 1567 1509 Rheginum
1587 1460 1660 1497 XV
1678 1460 1801 1503 4590;

285 1536 331 1559 ex
351 1521 519 1572 Alpibus
539 1522 744 1560 Maritimis
765 1523 943 1573 Liguriae
961 1523 1201 1562 Maritimum
1221 1523 1290 1561 XV
1314 1524 1428 1561 4662.
1451 1523 1569 1566 4663;
1600 1536 1645 1561 ex
1674 1522 1802 1560 Gallia

282 1585 536 1623 Baeterrense
565 1585 640 1623 XV
666 1586 781 1624 4542.
813 1587 935 1629 454&
974 1600 1020 1624 ex
1048 1586 1241 1636 Hispania
1268 1586 1511 1624 Lauronense
1539 1586 1612 1623 XV
1644 1586 1800 1623 4577—

278 1647 409 1691 4579;
443 1647 539 1686 Chio
578 1662 623 1686 ex
659 1647 788 1686 insula
816 1648 1072 1687 Autocratum
1101 1647 1173 1686 XV
1201 1649 1314 1686 4539.
1371 1648 1651 1698 Pompeios
1688 1648 1800 1698 quin-

279 1709 405 1748 decim
435 1724 593 1761 genera:
632 1711 913 1761 Pompeianum
951 1712 1079 1761 ipsum
1106 1712 1160 1749 IV
1190 1725 1227 1761 p.
1256 1711 1295 1749 II
1330 1712 1444 1755 5559,
1485 1711 1710 1761 Capuanum
1744 1710 1799 1748 IV

282 1773 399 1818 2833,
430 1774 484 1811 IV
504 1788 541 1824 p.
563 1774 601 1812 II
620 1775 736 1820 5555,
766 1774 978 1813 Cumanum
1008 1775 1060 1811 IV
1081 1789 1118 1825 p.
1144 1775 1181 1813 II
1209 1775 1323 1820 5553,
1362 1774 1581 1813 Gauranum
1615 1774 1672 1813 IV
1698 1788 1736 1824 p.
1764 1773 1802 1812 II

285 1836 401 1881 5511,
433 1836 702 1875 Surrentinum
730 1837 787 1875 IV
807 1838 921 1876 2555.
952 1838 1007 1875 IV
1026 1852 1063 1887 p.
1085 1838 1123 1876 II
1142 1838 1254 1876 5514.
1277 1839 1392 1876 5521.
1414 1839 1526 1876 5522.
1549 1838 1663 1875 5525.
1685 1837 1799 1875 5560.

278 1901 392 1939 5561.
429 1900 544 1943 5562,
576 1900 809 1938 Trifolinum
838 1900 894 1937 IV
913 1915 950 1950 p.
977 1901 1016 1939 II
1046 1901 1159 1938 5518.
1192 1901 1306 1945 5570,
1343 1900 1590 1938 Formianum
1618 1900 1674 1938 IV
1699 1914 1737 1949 p.
1763 1900 1802 1938 II

279 1964 393 2007 5577,
432 1964 607 2001 Lunense
635 1963 692 2001 IV
721 1964 994 2008 2599—2601,
1031 1964 1397 2002 Tauromenitanum
1427 1963 1484 2001 IV
1511 1977 1548 2014 p.
1578 1963 1616 2001 II
1644 1963 1801 2001 5563-

279 2028 393 2071 5568,
425 2027 752 2077 Mesopotamium
772 2026 821 2075 (Ρ)
852 2027 909 2065 IV
927 2028 1042 2066 2602.
1075 2028 1190 2072 2603,
1222 2028 1466 2065 Lauronense
1487 2027 1543 2064 IV
1568 2041 1605 2077 p.
1627 2027 1666 2064 II
1685 2026 1801 2071 5558,

280 2090 401 2129 Coum
432 2090 489 2128 IV
508 2103 546 2139 p.
567 2089 740 2135 115536,
779 2103 938 2140 passum
972 2089 1129 2140 Lycium
1165 2089 1221 2128 IV
1248 2103 1286 2139 p.
1317 2089 1356 2128 II
1382 2091 1496 2134 5594,
1540 2088 1717 2128 Cnidium
1744 2088 1801 2127 IV

275 2168 312 2204 p.
341 2154 380 2192 II
407 2155 522 2197 5535,
552 2153 747 2192 Creticum
775 2153 831 2191 IV
860 2168 896 2203 p.
917 2154 955 2191 II
985 2154 1098 2191 5526.
1156 2153 1561 2203 Carthaginem:
1595 2152 1801 2190 Falernum

281 2216 375 2254 VIII
404 2216 442 2254 S.
464 2216 522 2253 III
550 2216 691 2261 22640,
709 2217 771 2254 21.
794 2216 856 2253 22.
878 2216 939 2259 26,
962 2215 1201 2253 Vesuvinum
1225 2215 1317 2253 ibid.
1341 2215 1402 2261 31,
1434 2215 1689 2253 Puteolanum
1709 2214 1800 2251 ibid.

278 2280 341 2324 20,
372 2279 548 2317 Setinum
577 2278 669 2316 ibid.
692 2280 753 2323 30,
783 2279 1057 2317 Mamertinum
1086 2279 1176 2317 ibid.
1197 2279 1258 2323 60,
1289 2278 1615 2328 Mesopotamium
1640 2277 1734 2315 ibid.
1757 2277 1800 2320 8;

274 2342 314 2380 in
344 2342 702 2381 Germaniam:
745 2341 928 2380 Calenum
964 2342 1058 2380 XIII
1086 2343 1110 2380 3
1141 2342 1158 2379 I
1190 2342 1328 2387 10005,
1354 2343 1401 2380 21
1433 2344 1472 2379 et
1499 2341 1705 2379 Amineum
1735 2342 1758 2379 3
1783 2341 1802 2378 I

277 2406 417 2451 10018,
436 2406 509 2443 135
553 2405 643 2452 (sec.
684 2405 977 2454 inscriptionem
1004 2406 1163 2454 poculi).

347 2509 417 2555 De
446 2509 613 2556 variis
642 2509 883 2556 vinorum
913 2509 1146 2556 maxime
1177 2508 1407 2556 facticiis
1431 2508 1727 2566 generibus.

382 2594 443 2633 Ex
462 2593 643 2632 omnibus
662 2593 892 2633 vinitoribus
922 2593 1111 2644 imprimis
1132 2593 1264 2633 Gallos
1284 2592 1507 2644 provinciae
1526 2592 1793 2632 Narbonensis

281 2658 450 2696 maxima
477 2658 517 2696 in
536 2658 698 2696 infamia
716 2658 835 2696 fuisse
854 2659 932 2696 iam
952 2670 1069 2705 supra
1089 2657 1484 2702 commemoravimus,
1515 2670 1602 2694 cum
1629 2660 1667 2694 et
1694 2656 1801 2694 fumo

365 2740 395 2780 1)
417 2722 726 2771 VixiaXPalmensia
748 2739 784 2770 in
809 2749 891 2780 agro
908 2739 1032 2770 Piceno
1055 2741 1139 2770 nata
1161 2739 1196 2770 in
1219 2739 1341 2770 ultimo
1365 2738 1406 2769 de
1428 2737 1517 2770 vinis
1533 2737 1663 2769 Italicis
1687 2737 1801 2778 eapite

276 2792 367 2833 (XIV
382 2792 436 2832 67)
461 2793 780 2824 commemorantur.
