2097 3191
894 195 1155 232 -19—

268 299 531 341 4566—4569
562 301 606 336 ‘et
641 299 721 336 alia
753 311 798 336 esc
832 300 969 336 vicinia
1008 298 1126 337 urbis'
1166 299 1280 348 (Plin.
1310 300 1358 338 N.
1381 300 1438 337 H.
1460 299 1553 337 XIV
1574 298 1637 348 65)
1681 299 1788 337 velut

268 366 300 404 P
314 365 361 404 ri
376 363 415 412 (v
429 377 449 401 e
463 377 518 401 111
534 361 669 411 atia)
699 361 773 401 XV
792 363 906 401 4587.
944 363 1088 402 Vinum
1119 363 1330 413 Signinu
1344 377 1382 401 m
1408 363 1636 400 ‘austeritate
1668 363 1788 398 nimia

269 426 509 466 continendae
536 425 626 463 utile
644 425 727 463 alvo
754 427 851 463 inter
868 425 1128 464 medicamina'
1149 427 1422 465 numerabatur
1443 426 1506 475 (N.
1529 426 1578 464 H.
1600 425 1689 463 XIV
1706 424 1785 473 65).

269 490 363 529 Cum
392 490 479 527 vina
497 491 689 528 vetustate
718 489 890 528 dulciora
917 490 1015 528 fiant
1045 493 1083 528 et
1101 490 1274 541 gratiora
1302 491 1388 535 sint,
1421 489 1673 538 ‘Si9('reinum)
1696 499 1787 535 per-

267 552 418 602 vet(us)'
448 552 521 590 XV
542 553 646 590 4740
672 552 750 591 iam
777 567 855 591 non
875 556 1072 592 austerum
1103 566 1186 591 esse
1214 556 1307 591 nota
1328 552 1554 601 ‘pervetmsf
1583 551 1786 603 praedica-

268 620 342 656 tur.
398 616 500 655 Vina
529 615 630 654 Latii
658 616 884 667 provinciae
912 620 1068 668 praeter
1096 617 1269 656 Setinum
1305 620 1344 655 et
1371 616 1619 655 Formianum
1657 616 1787 654 omnia

267 679 436 718 Romam
463 682 675 729 exportata
703 693 785 717 esse
812 693 890 717 non
917 679 1154 718 mirabimur.

375 743 435 782 Ex
463 741 675 793 provinciis
703 743 863 793 reliquis
892 742 1029 782 ltaliae
1060 746 1214 782 exstant
1241 756 1457 794 perpaucae
1486 743 1708 793 amphorae.
1752 741 1785 780 E

270 806 427 846 Samnio
465 805 882 855 Benev(entani)
920 807 994 845 XV
1020 808 1135 852 4544,
1179 821 1198 845 e
1235 807 1398 845 Bruttiis
1440 806 1668 857 Regfini)
1711 804 1786 842 XV

269 870 373 909 4590
401 869 674 921 inscriptiones
706 873 921 922 supersunt,
953 884 1115 921 quorum
1133 871 1278 909 mentio
1306 868 1352 908 fit
1380 870 1481 920 apud
1499 868 1786 908 AthenaeumI

269 949 306 985 p.
337 935 423 972 310
463 937 501 972 et
541 935 591 972 26
621 948 651 971 e.
707 934 766 972 Ex
807 935 965 973 Etruria
1006 934 1372 972 Veientanum
1413 932 1487 971 XV
1519 933 1634 977 4595,
1679 932 1787 970 euius

272 996 372 1044 ‘faex
401 997 542 1034 crassa’
572 998 612 1035 in
640 997 763 1036 multa
789 997 949 1036 infamia
978 1000 1070 1043 erat,
1100 997 1264 1036 Romam
1291 997 1331 1034 in
1359 997 1495 1035 urbem
1519 996 1621 1035 haud
1650 994 1788 1046 procul

271 1059 386 1097 sitam
415 1060 616 1097 devectum
644 1074 666 1097 a
694 1060 928 1110 pauperibus
955 1060 1160 1098 bibebatur
1187 1060 1252 1108 (cf.
1274 1061 1388 1099 Mart.
1410 1060 1428 1098 I
1449 1061 1534 1105 103,
1551 1061 1585 1098 9.
1616 1060 1653 1098 II
1673 1059 1734 1103 53,
1748 1060 1783 1096 4.

269 1121 325 1160 III
344 1122 405 1167 49,
425 1123 441 1159 1
459 1136 468 1167 ;
498 1121 592 1161 Hor.
614 1125 684 1161 sat.
707 1122 746 1160 II
766 1124 801 1168 3,
817 1124 890 1161 142
905 1136 978 1172 sq.;
1007 1122 1112 1161 Pers.
1133 1122 1170 1161 V
1191 1122 1293 1172 147).
1343 1123 1542 1173 Optimum
1555 1123 1685 1161 vinum
1702 1121 1784 1160 eius

268 1184 501 1233 provinciae,
540 1184 810 1234 Lun(ense)
848 1185 987 1230 vet(u
1001 1185 1034 1232 s)
1070 1186 1124 1223 IV
1152 1187 1424 1231 2599—2601,
1458 1200 1548 1224 nam
1589 1185 1782 1222 ‘Etruriae

267 1246 380 1284 Luna
389 1246 576 1294 palmam'
591 1247 760 1286 habebat
775 1247 840 1296 (N.
857 1248 906 1286 H.
923 1248 1015 1286 XIV
1034 1247 1111 1298 68),
1131 1263 1253 1299 usque
1268 1248 1476 1299 Pompeios
1492 1247 1781 1299 exportabatur.

375 1310 618 1360 Quamquam
645 1311 682 1349 in
714 1311 840 1350 Gallia
860 1310 1057 1361 Cisalpina
1085 1312 1255 1362 antiquis
1283 1312 1522 1362 temporibus
1551 1325 1628 1350 non
1656 1311 1783 1348 minus

269 1387 383 1425 quam
410 1374 484 1413 hac
513 1376 639 1413 aetate
658 1374 795 1412 vitium
823 1374 974 1413 cultura
1000 1375 1174 1420 florebat,
1205 1389 1290 1414 cum
1318 1374 1370 1414 ibi
1390 1378 1544 1425 praeter
1564 1374 1781 1424 quindecim

269 1437 349 1475 fere
378 1451 521 1487 genera
548 1438 609 1476 vel
635 1437 792 1476 nomina
818 1438 994 1476 vinorum
1024 1452 1122 1488 quae
1150 1440 1356 1489 scriptores
1385 1441 1688 1477 commemorant
1730 1438 1783 1473 ‘in

269 1501 358 1537 sinu
396 1499 619 1538 Hadriatici
654 1502 773 1537 maris
807 1513 881 1537 nort
912 1501 1048 1548 procul
1083 1501 1237 1538 Timavo
1277 1500 1385 1548 forvte’
1427 1502 1557 1539 vinum
1593 1500 1782 1538 Pucinum

269 1563 507 1613 gigneretur,
539 1577 615 1612 quo
645 1562 765 1601 ‘aliud
792 1564 918 1610 aptius
946 1564 1236 1602 medicamentis’
1261 1578 1339 1603 non
1367 1567 1461 1609 erat,
1490 1565 1545 1602 ita
1572 1567 1616 1601 ut
1635 1563 1784 1601 Plinius

266 1626 303 1663 id
334 1638 454 1676 genus
481 1626 607 1675 primo
636 1626 722 1664 loco
752 1629 840 1664 ante
864 1626 1038 1665 Setinum
1066 1630 1105 1665 et
1125 1626 1329 1665 Falernum
1349 1629 1612 1665 enumeratum
1632 1626 1784 1675 maguis

267 1689 445 1727 laudibus
483 1689 636 1727 efferret
663 1689 727 1736 (N.
763 1689 812 1727 H.
847 1689 940 1727 XIV
974 1690 1057 1738 60),
1099 1692 1229 1729 tamen
1268 1691 1418 1728 nullum
1458 1693 1613 1739 praeter
1653 1689 1784 1726 vinum

266 1751 623 1801 Maritfimum)
653 1752 727 1790 XV
747 1753 849 1791 4662
878 1753 919 1790 in
949 1752 1145 1803 amphoris
1174 1754 1351 1792 occurrit.
1410 1752 1483 1792 Sed
1521 1753 1594 1791 hac
1628 1765 1782 1802 quoque

266 1814 517 1865 inscriptione
537 1815 696 1854 Dressel
716 1816 845 1854 vinum
865 1816 1119 1853 ‘maritimum'
1142 1816 1378 1867 appellatum
1399 1830 1482 1854 esse
1502 1818 1616 1867 putat
1635 1816 1781 1853 factum

266 1879 352 1916 uvis
380 1878 420 1916 in
449 1892 544 1929 agro
563 1879 757 1918 maritimo
785 1880 896 1925 natis,
928 1894 1003 1930 qua
1030 1882 1070 1919 in
1097 1894 1139 1919 re
1159 1880 1409 1918 Columellam
1439 1879 1529 1928 (XII
1549 1878 1660 1926 25‚4)
1690 1891 1780 1916 auc-

266 1943 392 1979 torem
421 1954 460 1979 se
489 1941 597 1991 sequi
616 1940 719 1980 dicit.
742 1941 953 1982 Columella
981 1947 1119 1989 autem,
1150 1957 1236 1981 cum
1264 1942 1449 1981 rationem
1470 1942 1622 1992 generis
1650 1941 1779 1980 cuius-

267 2004 356 2040 dam
383 2002 463 2040 vini
497 2003 654 2048 facticii,
691 2004 760 2042 Coi
797 2006 1007 2050 aromatici,
1049 2004 1251 2050 describat,
1286 2007 1436 2042 tantum
1476 2004 1622 2048 suadet,
1657 2007 1710 2048 ut,
1746 2003 1779 2039 si

266 2065 286 2103 f
296 2069 411 2104 orte
447 2078 539 2116 ager
565 2066 760 2104 maritima
787 2067 828 2105 in
856 2081 924 2105 ora
957 2069 1017 2113 sit,
1057 2069 1103 2105 de
1138 2068 1217 2106 alto
1254 2080 1368 2117 quam
1406 2066 1644 2116 quietissimo
1681 2065 1780 2104 mari

267 2131 440 2166 sumatur
467 2127 619 2177 aqual).
658 2130 848 2178 Equidem
869 2130 1131 2167 ‘Maritimum'
1152 2129 1284 2180 potius
1313 2129 1388 2167 dici
1415 2132 1630 2178 putaverim
1651 2128 1779 2166 vinum

266 2204 312 2229 ex
339 2189 506 2241 Alpibus
539 2191 744 2231 Maritimis
784 2196 921 2238 ortum,
962 2206 1050 2231 cum
1077 2192 1227 2231 Plinius
1264 2191 1328 2241 (N.
1358 2191 1406 2230 H.
1434 2190 1527 2230 XIV
1548 2191 1616 2239 41)
1658 2204 1780 2242 genus

266 2253 456 2303 quoddam
494 2267 592 2292 uvae
638 2258 912 2294 commemoret
952 2258 1058 2303 ‘quae
1093 2254 1251 2292 Raetica
1291 2256 1333 2291 in
1367 2254 1581 2291 Maritimis
1616 2253 1781 2301 Alpibus

266 2315 457 2363 appellata
484 2317 547 2354 est’
577 2320 617 2355 et
645 2317 708 2363 (N.
729 2318 777 2356 H.
805 2317 879 2356 XV
899 2317 963 2367 66)
992 2317 1188 2369 Liguriam
1219 2317 1453 2357 maritimam
1480 2316 1650 2367 Alpibus
1688 2329 1779 2366 pro-

263 2407 371 2438 cenas,
392 2399 458 2430 sive
480 2398 663 2430 Falernum
688 2399 730 2430 Te
753 2400 859 2441 mayis
882 2400 1044 2440 appositis
1074 2400 1215 2436 delectat,
1238 2399 1393 2431 habemus
1415 2398 1616 2439 utrumque’;
1649 2398 1778 2430 Colum.
1840 2396 1843 2397 ⁷

264 2449 311 2481 III
334 2450 362 2487 2,
376 2451 426 2483 16.
447 2451 494 2483 III
516 2451 545 2489 8,
559 2452 593 2488 5;
617 2451 703 2483 Plin.
727 2451 765 2483 N.
782 2452 822 2483 H.
838 2451 915 2484 XIV
931 2453 981 2484 25.
997 2452 1048 2484 64.
1070 2452 1180 2484 XXIII
1197 2452 1254 2489 36;
1277 2452 1375 2483 Mart.
1400 2451 1478 2482 XIII
1494 2451 1554 2482 109
1562 2463 1570 2487 ;
1593 2451 1662 2482 Iuv.
1687 2450 1713 2481 V
1728 2451 1780 2483 33.

264 2501 342 2533 XIII
364 2502 442 2540 214;
467 2503 585 2535 Galen.
609 2504 638 2535 X
664 2504 734 2536 833.
758 2504 899 2542 V1275;
930 2505 1052 2536 Athen.
1077 2505 1092 2536 I
1113 2515 1144 2546 p.
1166 2505 1206 2536 26
1228 2504 1259 2535 d.
1283 2504 1306 2535 f.
1330 2504 1401 2536 33a
1422 2507 1483 2534 τῶν
1506 2505 1534 2534 δ’
1557 2506 1649 2535 οἴνων
1672 2507 1780 2544 χαριέ-

265 2564 378 2592 στατος
400 2557 417 2585 ὁ
439 2558 523 2587 κατὰ
546 2558 602 2596 τὴν
624 2557 764 2587 Ἰταλίαν
787 2556 941 2596 Ἀλβανὸς
962 2560 1018 2588 καὶ
1042 2559 1058 2587 ὁ
1081 2558 1290 2597 Φαλερνίτης.

350 2606 381 2647 1)
412 2606 552 2647 ‘Quodsi
583 2619 661 2649 (19ον
691 2610 879 2641 maritimus
912 2613 968 2647 est,
1003 2609 1173 2641 silentibus
1207 2610 1310 2641 ventis
1344 2609 1382 2640 de
1415 2609 1481 2640 alto
1517 2619 1615 2650 quam
1648 2609 1777 2649 quietis-

263 2657 345 2688 simo
376 2660 464 2690 πιανέ
488 2661 646 2692 sumenda
675 2665 721 2693 est
749 2672 846 2702 aqua,
880 2666 911 2693 et
944 2662 981 2693 in
1008 2662 1139 2694 tertiam
1159 2665 1291 2702 partem
1322 2661 1538 2702 decoquenda,
1569 2661 1716 2700 adiectis,
1749 2661 1779 2692 si

263 2709 432 2746 videbitur,
466 2712 631 2751 aliquibus
657 2714 846 2745 aromaticis
868 2724 909 2745 ex
938 2714 983 2745 iis
1005 2724 1088 2754 quae
1119 2724 1222 2754 supra
1251 2714 1356 2751 retuli,
1389 2717 1425 2745 ut
1454 2714 1497 2745 sit
1519 2714 1688 2746 odoratior
1708 2713 1779 2745 virzi

264 2761 412 2792 curatio'.

1529 2817 1584 2857 2*
