2097 3191
385 288 471 326 Olei
499 288 572 327 flos
602 288 688 337 (Ed.
714 289 840 328 Diocl.
862 290 920 329 III
950 290 1000 339 1),
1035 292 1139 341 quod
1168 294 1263 339 ‘post
1291 291 1429 329 molam
1458 289 1642 340 primam’
1678 292 1760 329 erat
1787 289 1908 338 (Plin.

385 351 434 390 N.
455 351 506 390 Η.
526 352 600 390 XV
621 352 700 401 23),
730 354 770 392 in
790 353 988 404 amphoris
1015 368 1093 393 non
1113 355 1290 393 occurrit.
1348 353 1551 405 Amphora
1579 354 1661 392 ‘olei
1687 353 1905 392 communis'

384 413 459 452 XV
477 414 579 454 4807
617 416 734 466 plena
761 420 799 454 et
827 416 1014 466 amphora
1045 416 1117 454 XV
1144 417 1247 455 4512
1277 416 1446 466 ‘oleu(m)
1483 420 1523 455 at
1560 414 1767 467 lustenam)
1801 414 1905 464 Orfi-

383 479 522 524 ticum’,
551 479 678 517 oleum
708 477 859 515 ‘tertiae’
888 479 970 517 sine
999 479 1117 518 dubio
1153 479 1379 527 ‘pressurae’
1407 479 1571 527 (Colum.
1591 480 1667 519 XII
1686 481 1747 526 52,
1766 479 1828 529 16)
1858 494 1905 519 ex

383 541 547 579 maturis
589 541 701 580 olivis
741 541 889 580 factum
930 541 1216 582 continuerunt.
1274 542 1386 589 Quod
1427 556 1549 594 genus
1590 543 1766 581 ‘lucernis
1799 543 1905 581 ewile'

385 603 501 651 (Plin.
524 603 572 642 N.
595 604 643 641 H.
665 603 740 641 XV
758 603 824 652 25)
855 605 960 654 apud
992 604 1214 644 Iuvenalem
1243 606 1448 644 clientibus
1476 606 1516 644 in
1545 618 1639 644 cena
1674 605 1821 655 apponi
1849 605 1908 643 vi-

385 666 530 711 demus,
567 679 658 705 nam
694 665 828 703 ‘caulis
856 665 966 703 olebit
1003 666 1227 705 lanternam'
1258 667 1355 718 (Iuv.
1386 671 1457 706 sat.
1479 667 1517 706 V
1536 668 1585 706 87
1606 667 1692 719 sq.),
1722 680 1808 706 cum
1838 668 1907 706 do-

383 730 510 767 minus
542 731 634 777 ‘ipse
669 728 886 776 Venafrano
909 731 1062 778 piscem’
1091 731 1311 781 perfundat.

491 792 550 832 IV
569 793 672 832 2703
692 791 862 832 LARDU
881 793 1086 845 legendum
1112 807 1195 833 esse
1214 797 1310 845 puto
1343 794 1374 832 ‘l
1387 808 1409 832 a
1426 807 1448 832 r
1461 794 1488 832 d
1500 806 1527 832 a
1541 794 1594 832 m'
1624 795 1683 833 vel
1705 793 1907 839 ‘laridum',

387 870 475 895 cum
493 857 550 895 IV
568 871 605 907 p.
626 857 664 895 II
683 858 787 896 5854
815 856 862 895 ll!
880 857 985 896 LAR
1006 856 1052 894 ΙΙΙ
1079 859 1178 896 idem
1209 862 1248 897 et
1276 858 1332 896 IV
1349 873 1386 908 p.
1407 858 1446 897 II
1465 859 1568 897 5729
1598 858 1751 897 CICER
1769 862 1784 905 ΙΙ
1805 858 1910 897 LAR

387 918 489 957 cicer
529 933 616 958 cum
657 921 780 958 larido
825 920 990 968 (Erbsen
1030 921 1102 959 mit
1140 920 1281 971 Speck)
1324 921 1556 971 inscriptum
1598 934 1681 958 esse
1722 921 1907 958 videatur.

386 982 517 1021 Etiam
548 982 650 1030 ‘faba
678 995 761 1021 cam
787 983 940 1021 rubente
973 983 1093 1021 lardo’
1124 985 1247 1023 mixta
1277 988 1359 1023 erat
1387 983 1516 1033 (Mart.
1547 984 1583 1021 V
1611 983 1775 1032 78‚10);
1805 985 1909 1034 quod

387 1058 510 1095 genus
554 1045 631 1084 cibi
672 1046 808 1084 diebus
850 1047 965 1084 certis
1007 1046 1120 1085 festis
1157 1051 1200 1084 ut
1243 1046 1391 1085 Garnae
1434 1046 1561 1094 (Ovid.
1602 1046 1706 1085 Fast.
1733 1046 1789 1084 VI
1819 1047 1908 1084 169.

387 1107 506 1147 Macr.
528 1109 546 1147 I
571 1109 628 1155 12,
643 1108 710 1156 33)
738 1109 779 1147 in
808 1108 913 1148 cenis
942 1110 1222 1160 apponebatur.
1280 1109 1390 1148 Cicer
1432 1123 1519 1148 cum
1558 1109 1707 1148 hallece
1748 1108 1911 1149 mixtum

386 1171 508 1210 fuisse
549 1172 626 1210 iam
668 1186 786 1222 supra
827 1171 1004 1210 vidimus.
1062 1171 1246 1210 ‘Lardam
1288 1172 1478 1220 optimam'
1510 1172 1596 1220 (Ed.
1631 1172 1753 1211 Diocl.
1785 1171 1841 1209 IV
1871 1171 1908 1219 7)

387 1235 595 1286 praecipue
624 1248 672 1274 ex
690 1235 861 1274 Lucania
890 1238 928 1274 et
948 1236 1075 1275 Gallia
1104 1239 1219 1286 atque
1249 1236 1346 1275 adeo
1377 1248 1424 1274 ex
1445 1235 1639 1286 Hispania
1658 1234 1816 1286 (Expos.
1837 1237 1898 1273 tot

388 1298 521 1336 mundi
549 1299 600 1337 54
629 1302 668 1337 et
696 1298 762 1347 59)
797 1300 1084 1350 exportabatur.

494 1361 608 1400 Alius
628 1362 736 1401 cibus
754 1361 910 1408 mixtus,
933 1361 1330 1410 ‘Miscel(lanea)
1351 1360 1521 1399 Eucaero
1539 1360 1740 1399 Gratidiae
1755 1360 1909 1408 s(ervo)'

389 1424 465 1462 XV
482 1425 587 1463 4806
617 1425 831 1475 destinatus
873 1439 957 1464 esse
999 1425 1160 1463 videtur.
1219 1424 1326 1470 Quae
1369 1425 1569 1474 amphora,
1612 1438 1698 1463 cum
1726 1424 1805 1462 oris
1833 1423 1912 1462 late

391 1487 564 1537 patentis
593 1487 655 1533 sit,
686 1487 813 1526 cibum
842 1488 1034 1537 quendam
1052 1487 1218 1526 mixtum
1246 1500 1445 1526 servorum
1475 1488 1524 1525 ad
1543 1500 1655 1525 usum
1676 1486 1911 1525 cotidianum

390 1550 612 1589 exhibuisse
649 1551 796 1596 iudico,
833 1551 998 1589 similem
1034 1551 1093 1589 illi
1129 1565 1243 1601 quem
1279 1553 1563 1589 commentator
1597 1549 1793 1589 Iuvenalis
1822 1550 1909 1593 (sat.

389 1613 446 1651 XI
465 1613 532 1661 20)
563 1613 809 1651 ‘miscillanea
836 1613 941 1659 ladi',
972 1616 1101 1662 ‘yenus
1119 1613 1333 1650 miserabile
1359 1612 1502 1659 ferculi'
1534 1615 1573 1651 et
1593 1612 1726 1649 ‘cibam
1752 1611 1908 1660 gladia-

388 1677 523 1713 torum'
554 1676 674 1714 fuisse
702 1676 989 1726 interpretatur.

917 1790 986 1835 De
1015 1790 1173 1835 rebus
1212 1789 1393 1835 variiS.

500 1889 741 1939 Quamquam
781 1891 1028 1939 unguentarii
1071 1904 1186 1939 saepe
1215 1893 1564 1928 commemorantur
1591 1889 1647 1927 IV
1667 1890 1755 1927 609.
1786 1889 1912 1934 2184;

391 1951 447 1990 VI
466 1951 542 1990 999
563 1964 644 2001 sqq.
665 1951 812 1997 33929;
842 1951 897 1990 XI
917 1952 1040 1997 5839;
1061 1951 1136 1990 XII
1157 1952 1278 1997 1594;
1301 1951 1395 1990 XIII
1414 1952 1516 1990 2602
1541 1954 1579 1990 et
1598 1951 1692 1989 alibi
1711 1954 1749 1990 et
1768 1964 1913 2002 genera

391 2015 603 2052 cosmetica
621 2028 657 2063 q.
678 2015 712 2051 d.
732 2015 925 2063 permulta
953 2018 1074 2060 erant,
1104 2018 1234 2053 tamen
1253 2015 1294 2052 in
1323 2015 1521 2064 amphoris
1546 2028 1672 2063 pauca
1692 2016 1911 2052 occurrunt.

391 2075 488 2114 Cum
516 2078 716 2127 unguenta
757 2089 825 2114 seu
852 2077 934 2114 suci
977 2077 1160 2115 odoriferi
1199 2077 1238 2115 in
1279 2077 1373 2115 satis
1409 2089 1552 2127 magno
1592 2076 1718 2125 pretio
1752 2075 1912 2121 fuerint,

391 2140 551 2177 dubium
578 2152 657 2176 non
686 2142 754 2183 est,
784 2139 876 2188 quin
904 2143 1136 2177 mercatores
1165 2153 1210 2177 ea
1238 2153 1383 2189 genera
1416 2140 1518 2178 vasis
1546 2139 1772 2185 minoribus,
1801 2140 1914 2188 pyxi-

390 2201 504 2239 dibus
524 2200 621 2250 (Iuv.
647 2203 718 2239 sat.
735 2201 774 2239 II
796 2202 867 2239 141
890 2200 1050 2238 ‘condita
1060 2201 1232 2251 pyoeide')
1260 2202 1340 2240 sive
1360 2202 1542 2252 ampullis
1572 2201 1684 2248 (cena
1703 2201 1913 2240 Trimalch.

392 2265 442 2302 78
464 2264 686 2311 ‘ampullam
709 2264 823 2302 nardi
848 2264 1023 2313 aperuil’)
1044 2265 1299 2304 condiderint.
1351 2265 1711 2312 ‘Lomenlmms
1733 2264 1790 2303 IV
1810 2265 1911 2303 2597

392 2328 495 2378 apud
516 2326 698 2378 Apicium
718 2327 735 2365 Ι
756 2328 778 2365 6
808 2340 853 2365 ex
880 2327 973 2366 faba
1000 2328 1148 2366 factum
1176 2329 1224 2366 ad
1251 2328 1457 2367 lavandum
1487 2341 1559 2378 pro
1588 2327 1690 2366 nitro
1718 2327 1841 2365 multo
1871 2326 1912 2366 in

390 2406 464 2430 usu
493 2395 577 2430 erat
587 2389 628 2439 ¹).
684 2389 800 2441 Apud
828 2391 1047 2429 Martialem
1076 2391 1150 2439 (III
1169 2393 1231 2435 42,
1249 2394 1266 2429 1
1290 2395 1328 2430 et
1347 2391 1442 2429 XIV
1462 2390 1528 2437 60)
1558 2391 1667 2442 rugis
1696 2389 1914 2429 oblinendis

391 2454 696 2506 obtegendisque
723 2453 969 2492 inserviebat.
1025 2453 1159 2493 Facies
1187 2454 1354 2493 feminae
1383 2468 1481 2505 quae
1515 2453 1641 2491 ‘multo
1672 2453 1785 2501 pane'
1815 2452 1913 2502 (Iuv.

390 2516 448 2554 IV
467 2517 540 2555 461
560 2515 634 2566 sq.)
655 2516 779 2554 oblita
798 2521 891 2561 erat,
911 2520 994 2554 tum
1011 2517 1113 2556 lacte
1132 2517 1283 2556 asinino
1302 2518 1525 2556 lavabatur:
1548 2517 1759 2554 ‘lomentum
1778 2517 1848 2564 flos
1869 2529 1918 2554 ex

392 2579 484 2617 lacte
520 2580 672 2617 asinino
708 2577 887 2618 Uticense·
916 2578 973 2617 IV
999 2593 1036 2630 p.
1067 2580 1106 2619 II
1133 2580 1247 2619 5738.
1303 2580 1335 2619 P
1353 2579 1695 2629 silothru(m)
1724 2579 1782 2618 IV
1809 2579 1915 2619 2613

391 2644 431 2680 et
458 2643 561 2680 2614
602 2642 830 2692 plerumque
871 2642 1001 2680 resina
1028 2643 1177 2682 factum
1218 2644 1267 2682 ad
1293 2642 1394 2693 pilos
1437 2643 1643 2681 demendos
1677 2642 1914 2681 sumebatur.

480 2750 510 2790 l)
532 2750 582 2781 De
605 2751 751 2782 materia
772 2761 903 2791 usuque
927 2751 968 2783 cf.
992 2751 1080 2782 Plin.
1102 2751 1140 2782 N.
1153 2751 1195 2783 H.
1212 2751 1322 2783 XVIII
1347 2752 1406 2783 117
1420 2726 1582 2787 ;“ΡειΙΙειᾶ.
1604 2749 1650 2781 XI
1676 2751 1724 2787 14,
1737 2751 1765 2781 9.
