2097 3191
928 195 1188 233 „10-

301 299 512 352 propatulo
542 303 611 339 est.
651 299 753 338 Nam
780 302 824 337 ut
842 299 943 338 idem
962 299 1116 350 signum
1146 312 1228 338 esse
1249 312 1541 350 cognoscamus,
1571 313 1647 339 non
1665 300 1818 340 litterae

300 364 515 409 sufficiunt,
545 365 610 401 sed
639 363 786 412 ectypis
816 366 855 401 et
883 363 1097 401 formarum
1125 363 1295 413 imagine
1323 377 1421 413 opus
1442 367 1510 409 est,
1542 365 1676 403 deinde
1705 378 1818 414 quam

304 425 594 465 accuratissima
621 425 879 476 descriptione
899 429 937 464 et
955 440 1136 465 vasorum
1155 427 1331 465 fictilium
1351 430 1390 466 et
1406 428 1592 466 materiae
1612 427 1819 475 adhibitae,

299 491 457 541 qualem
496 490 602 528 solus
631 489 713 528 fere
756 491 861 528 dedit
902 490 952 528 H.
983 491 1140 529 Dressel
1183 492 1223 529 in
1264 492 1422 542 egregia
1464 492 1735 530 dissertatione
1775 493 1821 530 de

298 552 496 602 amphoris
532 553 680 591 montis
712 552 889 591 Testacei
931 553 1047 602 (Ann.
1092 554 1182 592 inst.
1215 554 1316 592 1878
1358 568 1395 604 p.
1427 553 1505 602 20).
1562 554 1674 592 Hanc
1702 554 1822 604 igitur

297 619 446 666 partem
474 615 716 666 quaestionis
746 630 847 667 quae
879 620 938 655 est
966 618 1011 655 de
1039 617 1162 656 titulis
1190 616 1389 668 impressis
1418 618 1547 667 aliquo
1577 630 1663 656 cum
1692 617 1820 656 fructu

296 693 524 729 promovere
552 693 630 717 non
660 680 811 729 poterit
839 681 913 718 nisi
943 681 1009 730 qui
1045 682 1150 731 ipsas
1178 684 1300 719 testas
1318 682 1530 730 inspexerit
1557 684 1596 719 et
1622 680 1818 718 examina-

298 743 405 780 verit.
463 741 574 787 Quod
603 756 688 781 cum
719 743 813 781 mihi
841 744 1010 782 nondum
1041 743 1257 795 contigerit,
1297 744 1424 783 missis
1452 743 1514 782 his
1541 743 1691 794 sigillis,
1722 757 1819 794 quae

297 805 428 842 omnia
457 806 669 854 praeterire
698 819 768 844 nec
796 806 903 843 volui
931 819 1002 843 nec
1031 806 1153 852 licuit,
1193 806 1410 857 quibusque
1446 810 1595 845 tantum
1632 807 1819 856 temporis

293 880 340 905 ac
378 867 493 905 studii
530 867 807 917 impenderam,
848 868 926 907 iam
964 872 1161 908 transeam
1199 871 1246 907 ad
1283 884 1368 908 eam
1404 873 1553 921 partem
1589 884 1680 908 sane
1717 870 1818 908 haud

296 930 422 967 minus
453 930 663 974 difficilem,
695 932 762 969 sed
789 931 829 969 in
859 945 936 980 qua
964 931 1131 970 fortasse
1153 945 1310 981 operam
1331 946 1406 971 non
1426 947 1585 982 prorsus
1605 933 1819 983 perdidisse

293 992 465 1038 videbor,
496 1006 595 1043 quae
624 996 684 1032 est
712 994 758 1032 de
786 993 910 1032 titulis
937 993 1065 1044 pictis.

817 1148 887 1195 De
920 1148 1087 1196 titulis
1120 1149 1291 1208 pictis,

399 1252 528 1291 Etiam
556 1253 693 1291 titulos
721 1254 849 1303 pictos
876 1254 916 1291 in
945 1253 1077 1292 multis
1106 1253 1366 1291 voluminibus
1387 1253 1568 1303 Corporis
1597 1257 1635 1291 et
1663 1253 1701 1291 in
1730 1254 1816 1292 aliis

295 1316 452 1366 scriptis
481 1316 688 1366 dispersos,
719 1330 805 1354 cum
833 1330 855 1354 a
882 1316 988 1354 nullo
1018 1317 1142 1355 adhuc
1169 1330 1294 1365 neque
1321 1316 1360 1354 in
1389 1330 1507 1354 unum
1536 1316 1667 1355 collati
1693 1330 1815 1366 neque

293 1380 385 1417 data
415 1392 534 1428 opera
561 1379 791 1429 pertractati
811 1380 898 1425 sint,
929 1382 1017 1418 ante
1047 1380 1176 1417 omnia
1210 1379 1450 1430 colligendos
1481 1383 1519 1418 et
1539 1380 1816 1429 comparandos

294 1456 378 1480 esse
421 1444 593 1493 apparet.
656 1442 730 1480 Sed
770 1443 846 1480 alia
883 1456 1036 1492 quoque
1072 1442 1224 1480 ratione
1270 1443 1456 1480 adductus
1496 1456 1562 1480 eos
1599 1443 1814 1481 accuratius

291 1505 386 1543 mihi
415 1505 690 1543 examinandos
726 1519 808 1543 esse
836 1506 982 1555 putavi,
1024 1519 1108 1543 cum
1139 1519 1186 1543 ex
1224 1519 1267 1544 eo
1296 1505 1543 1555 potissimum
1580 1518 1721 1555 genere
1757 1505 1813 1543 in-

291 1568 545 1618 scriptionum
591 1582 690 1618 quae
742 1568 952 1618 qualesque
993 1582 1141 1607 merces
1180 1568 1377 1618 amphoris
1425 1568 1599 1606 conditae
1628 1569 1812 1614 venerint,

291 1646 574 1681 cognoscamus
603 1633 726 1670 multo
754 1633 879 1682 magis
909 1646 1027 1681 quam
1059 1645 1104 1669 ex
1133 1632 1343 1681 signaculis
1370 1631 1569 1680 impressis
1606 1646 1704 1681 quae
1735 1645 1811 1680 quo

292 1694 515 1746 pertineant
543 1695 770 1745 plerumque
797 1695 986 1733 incertum
1015 1698 1084 1733 est.
1122 1694 1225 1733 Nam
1255 1695 1286 1733 si
1314 1695 1360 1733 de
1387 1695 1578 1733 mercibus
1607 1695 1701 1733 satis
1721 1708 1814 1733 con-

290 1762 380 1803 stat,
411 1773 456 1797 eo
486 1759 642 1797 facilius
673 1761 719 1797 de
752 1759 983 1797 commercio
1014 1773 1167 1809 quoque
1196 1760 1309 1797 unius
1338 1760 1523 1808 cuiusque
1562 1762 1685 1797 terrae
1713 1759 1813 1796 iudi—

288 1834 377 1858 care
406 1822 633 1871 poterimus.

396 1884 448 1923 Iis
478 1884 545 1933 qui
572 1885 875 1923 instrumentum
904 1885 1155 1923 domesticum
1175 1884 1375 1922 ediderunt
1396 1883 1632 1922 brevioribus
1662 1887 1810 1921 tantum

291 1947 611 1985 adnotationibus
639 1947 775 1985 titulos
802 1946 998 1985 illustrare
1026 1946 1144 1984 licuit.
1185 1946 1308 1991 Quam
1336 1946 1433 1984 bene
1462 1949 1590 1984 autem
1620 1946 1679 1984 vel
1708 1959 1753 1984 ea
1771 1959 1814 1985 re

293 2009 485 2059 imprimis
513 2010 733 2048 Dresselius
762 2010 923 2048 meritus
953 2010 1014 2055 sit,
1053 2009 1178 2060 primo
1213 2009 1344 2047 statim
1380 2010 1517 2047 obtutu
1551 2009 1705 2053 videbit,
1747 2010 1812 2059 qui

290 2071 473 2122 Corporis
502 2073 577 2111 vol.
609 2072 681 2110 XV
710 2072 932 2123 inspexerit.
971 2072 1045 2118 Qui
1073 2072 1105 2110 si
1133 2075 1264 2110 tamen
1292 2072 1407 2122 plane
1428 2085 1467 2109 se
1487 2071 1633 2110 nescire
1651 2072 1811 2119 fatetur,

289 2150 409 2185 quare
437 2150 514 2174 non
551 2138 589 2174 in
629 2137 808 2175 omnibus
852 2137 1049 2186 amphoris
1093 2136 1184 2186 quid
1227 2136 1425 2174 conditum
1467 2136 1587 2174 fuerit
1628 2139 1695 2174 aut
1736 2137 1812 2174 alia

290 2198 478 2237 eiusmodi
514 2198 640 2238 titulis
682 2199 799 2250 pictis
840 2199 1070 2244 indicentur,
1113 2199 1186 2239 hoc
1229 2199 1385 2250 quidem
1426 2198 1708 2250 respiciendum
1752 2202 1812 2238 est

288 2262 406 2299 etiam
434 2265 600 2299 tesseras
636 2276 678 2300 ac
716 2262 881 2311 pittacia
917 2261 982 2308 (cf.
1022 2262 1145 2300 Morel
1182 2264 1294 2312 apud.
1326 2263 1507 2300 Daremb.
1546 2261 1678 2310 Saglio
1716 2275 1744 2298 s.
1774 2275 1809 2298 v.

290 2323 492 2374 amphora)
522 2338 593 2374 pro
622 2323 746 2362 titulis
774 2324 914 2369 fuisse;
942 2324 998 2362 ita
1026 2324 1064 2362 in
1094 2339 1188 2363 cena
1208 2323 1506 2363 Trimalchionis
1526 2322 1608 2371 (34)
1638 2323 1810 2362 Petronii

288 2387 506 2425 afferuntur
535 2386 749 2433 ‘amphorae
777 2399 938 2433 quarum
966 2388 1005 2423 in
1034 2388 1235 2425 cervicibus
1257 2388 1418 2434 pittacia
1447 2389 1554 2423 erant
1577 2385 1701 2431 affixa
1727 2397 1808 2422 cum

285 2448 419 2485 titulo’.
468 2448 638 2486 Pittacia
666 2451 794 2486 autem
825 2448 1032 2498 perierunt,
1064 2452 1219 2487 exstant
1247 2451 1357 2498 ipsae
1386 2448 1595 2497 amphorae
1625 2448 1808 2486 duriores.

288 2511 426 2560 Neque
458 2525 547 2550 vero
578 2524 731 2561 semper
758 2524 917 2550 necesse
946 2514 1029 2549 erat
1056 2510 1309 2561 inscriptione
1339 2511 1467 2549 omnia
1495 2510 1667 2555 indicari,
1709 2510 1809 2548 unde

285 2574 435 2613 veniret
456 2575 652 2624 amphora,
684 2574 777 2625 quid
806 2574 960 2618 inesset,
983 2574 1069 2624 quis
1098 2577 1199 2613 esset
1219 2574 1448 2619 officinator,
1479 2586 1565 2611 cum
1583 2574 1807 2623 plerumque

283 2638 411 2688 magis
441 2652 556 2688 quam
585 2652 685 2676 nunc
714 2638 759 2676 fit
788 2637 885 2675 alius
915 2637 1028 2676 aliam
1057 2651 1222 2677 mercem
1252 2641 1396 2677 emeret
1423 2638 1678 2687 venderetque
1706 2650 1808 2675 mer-

284 2703 404 2746 cator,
435 2700 605 2739 vinarius
625 2700 769 2745 vinum,
801 2701 967 2739 olearius
988 2701 1127 2747 oleum,
1158 2700 1412 2749 salgamarius
1440 2700 1590 2739 fructus
1618 2700 1806 2745 conditos,

283 2763 598 2801 salsamentarius
612 2764 859 2809 salsamenta,
880 2764 1072 2802 murarius
1091 2763 1268 2809 muriam,
1289 2763 1585 2813 liquaminarius
1599 2762 1805 2811 liquamen.
