2097 3191
304 322 422 361 reddi'
462 325 564 371 dicit,
607 325 639 363 si
675 324 911 363 curationem
952 323 1120 374 aliquam
1157 338 1273 375 quam
1310 324 1554 375 praescribit,
1591 323 1823 364 adhibueris.

304 388 542 427 Mercatores
569 388 691 437 igitur
718 401 763 426 ea
798 386 1049 436 inscriptione
1082 387 1312 425 indicavisse
1349 388 1446 426 mihi
1480 388 1659 426 videntur
1695 388 1826 426 vinum

304 451 507 502 limpidum
536 463 578 489 ac
607 449 823 500 perfectum
863 463 947 488 esse
989 463 1060 489 nec
1087 449 1164 489 iam
1193 463 1350 490 neeesse
1385 464 1468 490 esse
1496 451 1626 491 vinum
1654 465 1826 503 purgare

307 515 387 553 sive
415 515 455 553 id
483 515 610 552 facere
638 514 742 563 quod
770 513 959 552 Horatius
989 514 1138 558 suadet,
1169 527 1254 552 cum
1285 514 1408 552 dicat:
1439 515 1539 551 ‘vina
1567 515 1719 562 liques!¹

410 576 553 614 Vinum
581 575 658 615 alio
694 589 835 627 genere
868 576 1032 615 mixtum
1070 576 1269 615 dicebatur
1298 574 1614 625 ‘Confusu(m)
1651 578 1825 615 vinum'

304 640 360 678 IV
373 654 411 689 p.
432 640 469 677 II
497 639 611 683 5584,
642 640 746 689 quod
773 640 879 678 haud
908 641 988 678 scio
1019 654 1067 678 an
1096 640 1214 678 fuerit
1232 640 1364 677 vinum
1394 641 1576 678 acerbum
1605 654 1690 677 cum
1720 640 1825 678 dulci

305 701 518 741 confusum.
558 701 702 740 Vinum
730 702 844 741 melle
873 702 1048 749 mixtum,
1080 701 1309 741 ‘mulsum'
1337 702 1394 742 IV
1414 717 1450 753 p.
1482 702 1530 742 ΙΙ.
1562 703 1676 742 5592.
1707 703 1823 749 5526,

306 779 352 803 ex
370 764 715 803 innumerabilibus
745 765 827 802 fere
860 765 1070 815 generibus
1089 766 1168 803 vini
1195 767 1343 804 facticii
1372 765 1485 816 (Plin.
1506 766 1555 804 N.
1580 767 1626 805 H.
1648 766 1740 804 XIV
1761 766 1828 816 98)

306 841 404 879 quae
443 827 584 865 ‘omnia
623 826 674 865 ad
710 827 920 865 medicinae
961 828 1088 866 usum'
1124 828 1238 875 (Plin.
1267 828 1379 879 ibid.)
1421 828 1680 880 pertinebant,
1720 829 1829 880 potio

306 891 576 940 acceptissima
603 893 699 934 erat,
730 905 807 941 qua
835 894 874 930 et
903 893 949 930 ad
980 892 1057 930 alia
1085 895 1123 929 et
1151 906 1197 930 ex
1234 893 1474 942 temporibus
1503 892 1649 931 Tiberii
1677 892 1829 930 Claudii

304 953 491 1004 principis
520 953 636 1001 (Plin.
668 953 717 992 N.
740 954 794 992 H.
815 954 910 993 XIV
934 953 1025 1004 143)
1055 955 1102 993 ad
1132 955 1394 1006 gustationem
1426 955 1637 994 utebantur
1665 954 1829 994 Romani

307 1017 479 1064 (Petron.
519 1031 614 1056 cena
655 1017 773 1056 Trim.
814 1017 892 1064 34),
932 1019 1033 1056 unde
1072 1018 1188 1056 etiam
1228 1017 1612 1055 ‘Gustaticium'
1646 1019 1700 1056 IV
1725 1033 1764 1068 p.
1793 1019 1830 1055 ΙΙ

306 1079 409 1118 5589
437 1079 722 1118 nominabatur.
781 1080 886 1119 Inter
913 1080 1041 1119 dulcia
1080 1094 1222 1131 genera
1255 1080 1472 1119 lautissima
1509 1081 1574 1128 (de
1609 1081 1748 1132 quibus
1778 1080 1827 1120 cf.

306 1143 404 1181 Plin.
434 1142 483 1181 N.
516 1143 563 1180 H.
594 1143 689 1181 XIV
710 1146 759 1182 92
789 1147 828 1182 et
856 1144 922 1193 93)
953 1146 1070 1182 etiam
1099 1145 1189 1182 vina
1208 1145 1514 1182 numerabantur
1532 1157 1684 1182 murrae
1714 1145 1830 1182 odore

308 1205 474 1251 condita,
505 1219 604 1256 quae
633 1206 757 1244 herba
785 1207 824 1244 in
852 1210 946 1245 nota
976 1206 1129 1244 ‘mirris’
1159 1207 1216 1245 IV
1236 1221 1273 1257 p.
1295 1207 1455 1246 115743
1489 1207 1700 1259 significari
1735 1207 1831 1245 mihi

307 1269 470 1307 videtur.
527 1269 768 1320 Quamquam
796 1270 944 1309 Plinius
979 1270 1262 1322 quinquaginta
1290 1270 1372 1309 fere
1399 1271 1539 1309 herbas
1569 1272 1617 1309 ad
1646 1270 1830 1308 ‘Aroma

308 1330 472 1380 (titen)’
501 1331 559 1369 IV
579 1346 615 1381 p.
636 1332 675 1371 II
695 1333 798 1371 5583
826 1333 1049 1371 faciendum
1077 1333 1236 1372 idoneas
1256 1336 1457 1371 enumerat
1476 1333 1542 1381 (N.
1565 1334 1613 1371 H.
1638 1333 1730 1372 XIV
1745 1347 1828 1383 cap.

311 1393 551 1442 107—112),
581 1395 712 1433 vinum
741 1396 845 1445 quod
882 1396 1050 1434 breviter
1086 1395 1299 1433 ‘conditum'
1331 1395 1553 1434 nominatur
1588 1394 1675 1443 (Ed.
1705 1395 1831 1434 Diocl.

308 1455 444 1505 1117),
473 1457 702 1507 plerumque
736 1458 886 1495 factum
922 1460 1004 1495 erat
1033 1459 1170 1505 ‘pipere
1196 1460 1230 1494 et
1256 1457 1362 1494 melle
1390 1457 1528 1495 addito’
1558 1457 1672 1506 (Plin.
1701 1457 1750 1496 N.
1781 1457 1830 1495 H.

309 1519 402 1559 XIV
425 1519 528 1568 108),
571 1522 616 1558 ut
655 1534 701 1558 ea
738 1534 883 1571 genera
921 1520 1003 1558 ‘alii
1041 1520 1189 1558 condita
1230 1519 1300 1557 aliz·
1337 1520 1527 1568 piperata'
1564 1520 1680 1569 (Plin.
1723 1519 1833 1569 ibid.)

310 1583 564 1633 appellarent,
606 1584 706 1621 sicut
743 1584 781 1621 in
820 1582 960 1621 Edicto
994 1582 1230 1621 Diocletiani
1267 1586 1421 1633 praeter
1460 1584 1599 1620 ‘vinum
1633 1581 1832 1620 conditum'

312 1644 365 1694 (ΙΙ
398 1645 461 1693 17)
492 1644 748 1683 ‘absinthium’
789 1645 841 1692 (ΙΙ
874 1646 936 1690 18)
965 1648 1005 1685 et
1033 1645 1248 1683 ‘mosacum’
1286 1644 1342 1694 (ΙΙ
1371 1644 1434 1695 19)
1472 1649 1831 1684 commemorantur.

312 1707 348 1746 A
367 1709 498 1757 palma
526 1721 667 1746 nomen
686 1709 871 1757 petivisse
890 1709 1042 1745 videtur
1070 1707 1218 1744 ‘Palm
1229 1708 1457 1755 a(t2·cum)’
1487 1707 1560 1745 XV
1579 1709 1695 1753 4586,
1731 1708 1833 1758 quod

314 1784 437 1821 genus
467 1783 515 1808 ex
543 1770 674 1819 palma
702 1770 848 1808 factum
879 1770 942 1818 (N.
969 1769 1019 1807 H.
1042 1769 1134 1807 XIV
1166 1769 1256 1817 107)
1285 1769 1434 1808 Plinius
1465 1770 1676 1817 ‘palmeum'
1702 1773 1832 1814 vocat3

315 1834 432 1872 odore
460 1836 600 1882 arguto
630 1832 755 1870 fuisse
782 1833 944 1877 videtur,
975 1846 1063 1870 nam
1095 1833 1233 1868 ‘vinum
1262 1831 1359 1878 quod
1387 1831 1544 1868 laudare
1571 1833 1724 1879 cupiens
1744 1830 1837 1868 Pal-

314 1896 492 1933 viaticum
519 1896 727 1932 nominavit
754 1896 978 1942 antiquitas,
1000 1924 1008 1932 .
1033 1923 1041 1930 .
1064 1921 1073 1931 .
1095 1896 1146 1931 ita
1172 1893 1308 1931 redolet
1335 1906 1396 1931 ore
1422 1896 1618 1939 ructatum,
1648 1896 1688 1931 ut
1708 1895 1836 1931 merito

315 1957 372 1995 illi
413 1971 437 1994 α
464 1957 600 2005 palma
640 1969 773 1994 nomen
813 1957 989 1994 videatur
1028 1957 1253 2004 impositum’
1298 1956 1484 2004 (Cassiod.
1527 1970 1606 1994 var.
1650 1956 1725 1994 XII
1757 1955 1833 2005 12).

315 2019 634 2069 ‘Laccatwmy
673 2019 747 2058 XV
777 2020 901 2066 4734,
932 2019 1176 2066 ‘Laccaamm
1206 2019 1306 2059 ΑΙΙΙΑ
1342 2018 1603 2057 (ΙΟίῸΧΧῩ
1622 2018 1675 2056 D.
1696 2018 1835 2056 Alb-ecci

311 2085 437 2121 Aucti’
479 2083 553 2121 XV
587 2084 702 2128 4733,
740 2082 904 2134 liquoris
946 2085 989 2120 ut
1027 2081 1180 2120 videtur
1216 2096 1337 2132 genus
1377 2086 1460 2120 erat
1490 2082 1577 2121 vino
1612 2081 1694 2131 (aut
1722 2082 1833 2132 garo)

315 2146 438 2186 simile
468 2150 507 2185 et
537 2146 733 2185 conditum
753 2145 887 2190 herba,
918 2146 979 2184 cui
1008 2158 1149 2184 nomen
1178 2148 1260 2183 erat
1287 2146 1395 2184 Iacca
1415 2144 1549 2194 (Apul.
1571 2146 1616 2183 de
1635 2144 1835 2183 medicam.

313 2210 422 2247 herb.
452 2209 506 2246 IV
530 2210 578 2246 12
608 2209 664 2246 ed.
696 2207 971 2256 Ackermann).
1031 2207 1155 2252 Quam
1196 2207 1419 2257 opinionem
1446 2207 1634 2245 Dresselii
1663 2207 1754 2244 Mau
1781 2207 1837 2244 IV

315 2286 351 2322 p.
369 2271 409 2310 II
424 2272 527 2311 5640
542 2270 582 2310 in
599 2270 758 2309 dubium
770 2273 894 2309 vocat.
934 2270 1009 2310 Sed
1029 2270 1062 2308 si
1078 2269 1133 2308 [V
1146 2284 1184 2320 p.
1201 2270 1240 2309 II
1255 2271 1358 2309 5645
1375 2274 1413 2309 et
1427 2271 1530 2309 5646
1544 2269 1836 2314 LACARGVE,

316 2334 421 2385 quod
447 2334 655 2384 legendum
694 2346 778 2372 esse
807 2335 902 2383 puto
933 2332 1128 2370 ‘laccatmnf
1156 2335 1333 2381 amatum
1359 2332 1473 2370 νείκε’
1503 2336 1542 2371 et
1569 2333 1671 2371 5647
1701 2336 1837 2371 contu-

315 2396 418 2441 leris,
449 2399 553 2434 recte
582 2397 628 2434 de
656 2396 746 2434 vino
780 2399 848 2434 aut
876 2409 971 2446 garo
1001 2395 1151 2434 laccato
1181 2398 1322 2445 arguto
1353 2395 1508 2433 condito
1546 2394 1712 2445 cogitari
1743 2395 1839 2433 mihi

316 2460 483 2505 videtur,
511 2472 599 2497 cum
627 2459 745 2497 etiam
776 2458 926 2497 Plinius
956 2459 1002 2497 de
1031 2459 1147 2497 odore
1176 2461 1316 2507 arguto
1346 2457 1410 2506 (N.
1427 2457 1476 2496 Η.
1497 2457 1571 2496 XV
1593 2457 1641 2495 18
1670 2457 1772 2495 ‘odor
1798 2459 1840 2495 in

317 2522 420 2558 tenui
448 2521 547 2558 oliva
565 2521 753 2570 arqutus’)
775 2524 814 2560 et
833 2521 1033 2560 Palladius
1053 2522 1099 2559 de
1120 2533 1258 2569 sapore
1287 2524 1427 2572 arguto
1458 2521 1653 2559 fructuum
1674 2521 1838 2571 loquan-

318 2588 383 2622 tur
411 2584 483 2632 (III
512 2585 574 2629 25,
591 2586 615 2622 4
645 2584 823 2623 contrahi
849 2583 974 2634 pomis
1011 2587 1173 2634 argutos
1212 2598 1382 2634 sapores.
1425 2583 1482 2622 IV
1511 2584 1635 2630 10,26
1668 2582 1839 2622 melioris

318 2645 602 2697 magnitudinis
631 2650 669 2684 et
697 2646 846 2696 saporis
875 2646 1004 2696 arguti
1032 2645 1167 2694 ficus);
1211 2647 1259 2684 cf.
1297 2645 1400 2684 infra
1439 2647 1485 2684 de
1523 2646 1649 2684 muria
1689 2648 1840 2696 arguta.

318 2707 440 2746 Aliud
468 2721 590 2758 genus
612 2721 698 2746 vere
717 2708 914 2746 facticium
936 2711 1018 2746 erat
1048 2708 1093 2743 ‘A
1106 2709 1150 2745 ci
1161 2720 1185 2745 n
1201 2708 1265 2757 (at
1279 2708 1443 2757 icium)
1464 2707 1610 2745 bonum’
1631 2707 1704 2746 XV
1723 2708 1838 2753 4529,

319 2771 423 2821 quod
452 2773 519 2808 aut
547 2784 592 2808 ex
619 2769 742 2808 acinis
762 2784 859 2809 uvae
887 2770 1014 2820 passis
1042 2771 1189 2809 factum
1217 2771 1444 2821 plerumque
1466 2770 1643 2818 ‘passum'
1672 2771 1840 2808 vocaba-
