2097 3191
920 207 1179 244 ..30—

291 311 443 359 ‘mal(a)
484 311 688 359 Cumfflcna)
727 310 902 357 vir(idia)
936 308 1136 345 LXXIII
1146 310 1153 320 ’
1184 309 1259 347 XV
1288 310 1403 355 4783,
1447 322 1545 359 quae
1576 311 1620 346 ‘et
1658 310 1742 345 vino
1779 311 1815 346 et

290 374 402 420 aqna'
446 374 710 424 coquebantur
750 372 865 420 (Plin.
894 371 945 410 N.
975 373 1023 410 H.
1052 372 1126 410 XV
1154 371 1240 420 58);
1282 372 1414 411 viridis
1457 373 1564 411 color
1604 376 1733 410 utrum
1766 373 1814 410 de

291 437 568 474 immaturitate
586 435 870 485 intellegendus
890 435 941 473 sit
960 449 1008 473 an
1038 436 1084 474 de
1110 436 1300 474 malorum
1321 448 1460 486 genere
1488 436 1677 473 incertum
1694 437 1816 485 putat

292 499 461 544 DresseL
494 499 561 537 sed
588 498 634 535 de
662 510 803 547 genere
831 498 961 547 potius
981 497 1231 549 cogitandum
1260 511 1344 537 esse
1363 498 1525 543 videtur,
1555 511 1641 536 cum
1659 497 1813 536 Plinius

290 575 411 613 genus
440 562 648 605 enumeret,
685 562 790 610 quod
817 560 939 599 viride
968 562 1239 611 appellabatur
1263 561 1325 610 (N.
1347 561 1396 600 H.
1417 560 1493 599 XV
1511 562 1580 605 56;
1618 561 1815 610 permulta

290 639 432 676 genera
474 625 550 663 alia
577 625 625 661 ab
665 624 799 663 eodem
829 624 904 663 XV
931 626 1088 664 37-58
1118 625 1498 672 commemorantur).
1555 623 1811 663 Cerasia:

291 692 370 724 ‘cern
387 686 474 724 alb’.
504 686 561 724 IV
580 687 695 731 2562,
726 690 765 724 et
784 688 1032 726 siccabantur
1059 693 1097 727 et
1117 690 1217 727 sicut
1244 689 1369 727 olivae
1399 702 1500 737 aqua
1520 687 1622 725 salsa
1651 686 1812 725 condie-

288 751 430 788 bantur
459 750 587 799 (Apic.
608 749 627 787 I
647 748 733 797 20);
763 749 880 788 Plinii
908 753 1150 800 temporibus
1179 765 1332 790 cerasos
1362 766 1384 789 a
1411 751 1604 789 Lusitanis
1633 750 1673 788 in
1702 763 1811 787 oram

287 813 489 861 Belgicam
518 815 556 850 et
597 813 635 849 in
664 814 788 850 terras
831 813 879 850 ad
913 812 1019 863 ripas
1048 813 1175 852 Rheni
1216 814 1311 852 sitas
1353 816 1575 864 exportatas
1617 825 1701 851 esse
1728 812 1814 862 ipse

288 880 423 914 auctor
446 879 505 913 est
536 875 601 922 (N.
623 875 672 912 H.
696 875 769 913 XV
791 875 893 924 103).
941 876 981 914 N
996 891 1020 914 u
1038 891 1057 915 c
1073 891 1093 915 e
1110 891 1147 915 s:
1180 877 1238 914 ‘ab
1263 877 1426 925 Apuleio
1458 876 1552 914 Vero
1574 905 1581 913 .
1603 905 1611 914 .
1633 906 1641 914 .
1662 875 1810 924 nuee(s)

287 938 465 987 m(z·lle.2)’
491 938 548 976 IV
567 953 604 988 p.
625 939 664 976 II
684 939 799 982 5761,
842 942 950 985 ‘quas
978 939 1129 975 vilieam
1157 942 1316 976 recentes
1346 941 1385 976 e'n
1418 951 1525 976 urceo
1552 940 1594 975 in
1621 941 1720 975 terra
1749 937 1812 974 ob-

287 1001 406 1038 rutas’
443 1002 586 1040 habere
615 1001 712 1040 Cato
749 1002 856 1041 iubet
885 1002 929 1049 (r.
950 1016 979 1040 r.
1004 1002 1105 1047 143),
1143 1002 1284 1040 virides
1322 1000 1653 1050 condiebantur1).
1711 1001 1808 1040 Am-

287 1066 412 1114 phora
447 1066 503 1103 IV
531 1066 634 1103 2568
675 1064 822 1112 ‘fie(z')
861 1065 958 1102 Ribe
978 1094 985 1101 .
1009 1092 1017 1100 .
1035 1067 1056 1102 .’
1095 1069 1134 1104 et
1161 1065 1217 1103 IV
1246 1080 1282 1116 p.
1312 1066 1349 1104 II
1375 1066 1478 1103 5732
1520 1067 1615 1103 ficos
1658 1065 1813 1103 videtur

289 1129 537 1173 continuisse,
567 1142 663 1179 quas
691 1128 877 1167 fictilibus
897 1130 1009 1167 condi
1037 1129 1130 1167 dicit
1148 1128 1349 1167 Palladius
1379 1128 1452 1171 (IV
1474 1130 1532 1174 10,
1545 1130 1596 1167 34
1624 1129 1673 1167 cf.
1694 1128 1811 1166 Mart.

288 1191 345 1229 IV
363 1192 488 1237 46,10
531 1191 595 1229 ‘Et
635 1192 730 1239 fieus
758 1192 903 1240 Libyca
929 1192 1054 1240 yelata
1081 1192 1197 1230 testa'.
1240 1192 1315 1231 VII
1334 1193 1435 1238 53,ss
1465 1191 1530 1228 ‘Et
1557 1191 1721 1240 Lybieae
1747 1192 1811 1238 fici

286 1254 448 1301 pondere
488 1257 582 1292 testa
622 1255 792 1303 yravz's').
850 1254 908 1291 ‘F
919 1255 1152 1292 abriles'
1182 1255 1256 1293 XV
1275 1256 1390 1300 4805,
1429 1269 1497 1293 seu
1524 1255 1683 1293 fabriles
1712 1267 1812 1293 uvae

288 1317 376 1367 (Ed.
408 1317 533 1357 Diocl.
563 1317 619 1356 VI
648 1316 726 1367 92),
771 1333 869 1369 quae
898 1333 984 1357 cum
1026 1320 1128 1357 vasis
1170 1319 1356 1358 fictilibus
1395 1319 1640 1357 condirentur
1677 1318 1811 1355 ‘olares

287 1382 391 1418 uvae’
423 1381 584 1428 (Colum.
606 1382 680 1419 XII
701 1382 767 1431 45)
797 1384 1047 1426 vocabantur,
1077 1383 1307 1432 plerumque
1336 1396 1381 1420 ex
1406 1382 1630 1420 fornacibus
1651 1381 1811 1419 Africae

290 1444 456 1482 Romam
485 1444 639 1494 alioque
668 1446 985 1495 expmtabantur,
1015 1448 1221 1495 postquam
1256 1448 1362 1482 ‘uvas
1388 1445 1512 1493 yloria
1534 1445 1741 1492 praecipua
1769 1444 1812 1480 in

286 1506 505 1553 fornacibus
540 1505 696 1553 Africae
735 1507 862 1544 Tiberi
902 1506 1081 1544 Caesaris
1117 1509 1323 1544 auctoritas
1362 1506 1511 1552 adfecit’
1548 1505 1661 1557 (Plin.
1687 1506 1736 1544 N.
1757 1505 1809 1543 H.

286 1569 380 1608 XIV
402 1567 476 1620 16).
534 1571 639 1610 Usus
667 1570 827 1621 piperis,
859 1573 866 1590 ‘
869 1572 926 1618 pi
933 1570 998 1618 p(
1002 1583 1020 1608 c
1030 1583 1050 1607 r
1049 1570 1089 1619 )'
1120 1570 1178 1609 IV
1196 1585 1233 1620 p.
1255 1570 1293 1608 II
1312 1571 1426 1615 5763,
1456 1583 1690 1621 permagnus
1713 1572 1807 1614 erat,

289 1647 374 1671 cum
413 1636 533 1670 ‘cocus
572 1636 755 1682 inqentem
787 1635 935 1680 piperis
965 1661 973 1670 .
1004 1662 1012 1670 .
1045 1662 1052 1670 .
1082 1635 1265 1670 acervum'
1305 1636 1546 1671 consumeret
1580 1633 1710 1680 (Mart.
1733 1631 1810 1669 VII

289 1695 415 1745 27,7),
447 1697 548 1745 quod
577 1709 665 1734 cum
693 1695 779 1734 aliis
808 1695 1010 1746 speciebus
1038 1696 1189 1734 horreis
1217 1695 1465 1746 piperatariis
1494 1695 1641 1734 Romae
1670 1694 1810 1733 Domi-

288 1759 396 1797 tiano
423 1759 656 1808 imperatore
686 1758 893 1797 exstructis
923 1759 1159 1796 condebatur
1178 1757 1410 1808 (Chronogr.
1434 1772 1467 1795 a.
1488 1758 1564 1795 354
1586 1771 1624 1807 p.
1646 1758 1721 1795 146
1741 1756 1810 1802 Μ.,

289 1821 338 1860 cf.
359 1821 682 1861 Jordan-Hnlsen
711 1822 880 1872 Topogr.
905 1824 938 1867 1,
954 1823 978 1860 3
997 1836 1034 1872 p.
1057 1821 1108 1869 7).

805 1951 875 1999 De
909 1951 1030 1999 aliis
1065 1952 1298 1999 cibariis,

395 2042 635 2091 Quamquam
665 2042 713 2079 ad
733 2041 807 2079 XV
826 2042 926 2079 4621
968 2040 1082 2078 ‘Bor
1110 2040 1123 2089 (
1243 2041 1257 2090 )
1288 2040 1388 2077 bibe
1409 2040 1471 2090 (?)'
1501 2041 1720 2079 Dresselius
1741 2041 1809 2079 ad-

289 2108 419 2144 notat:
456 2103 528 2142 ‘De
547 2104 720 2142 Bormie's
748 2107 859 2152 aquis
879 2106 1066 2143 siccativis
1094 2108 1127 2143 et
1138 2105 1333 2153 podayrae
1351 2104 1547 2142 sanandae
1575 2104 1811 2142 salutaribus

291 2167 484 2215 (Cassiod.
507 2181 585 2204 var.
605 2167 649 2204 X
661 2167 756 2213 297)
776 2169 840 2205 vix
858 2170 928 2205 erit
946 2168 1207 2216 eoyz'tandum’,
1228 2171 1359 2206 tamen
1378 2168 1452 2205 hoc
1471 2167 1677 2206 verisimile
1698 2168 1807 2213 duco,

290 2244 377 2270 cum
391 2231 430 2269 in
446 2231 579 2269 tabula
596 2231 763 2281 quadam
777 2231 883 2282 picta
899 2245 1017 2281 aquas
1038 2231 1240 2270 siccativas
1261 2230 1460 2281 amphoris
1477 2230 1651 2270 conditas
1667 2244 1810 2280 expor-

287 2297 391 2331 tatas
421 2307 504 2332 esse
532 2295 742 2338 videamus,
773 2295 821 2332 cf.
854 2294 1027 2339 Hiibner,
1058 2295 1129 2332 Die
1150 2294 1370 2344 Heilquelle
1398 2307 1472 2331 von
1493 2293 1626 2332 Umeri
1647 2293 1809 2341 (Silber-

288 2356 420 2394 sehale
440 2370 509 2394 aus
530 2355 665 2394 Castro
687 2355 866 2394 Urdiales
886 2357 947 2394 bei
968 2356 1193 2402 Santander,
1215 2358 1370 2395 worauf
1386 2356 1446 2394 die
1458 2356 1715 2405 Versendung
1743 2356 1810 2393 der

288 2419 424 2464 Quelle
444 2419 674 2467 dargestellt
692 2417 771 2467 ist),
793 2419 1023 2469 Archaelog.
1046 2419 1132 2470 Ztg.
1150 2420 1280 2458 XXXI
1301 2419 1436 2469 (1874)
1454 2434 1491 2470 p.
1511 2421 1583 2457 115
1600 2418 1679 2456 tab.
1699 2420 1743 2456 11
1764 2433 1804 2448 =

289 2480 504 2526 Schreiber,
540 2481 777 2520 Kulturhist.
817 2481 1049 2520 Bilderatlas
1079 2483 1121 2520 T.
1152 2481 1300 2521 LXXII
1330 2484 1352 2520 5
1381 2487 1419 2521 et
1448 2483 1482 2520 6.
1539 2481 1671 2531 Atque
1705 2485 1811 2520 recte

290 2543 443 2593 opinari
485 2543 637 2582 videtur
678 2543 939 2588 Friedl‘ander,
971 2543 1229 2595 Sittengesch.
1260 2545 1297 2583 II
1318 2559 1356 2595 p.
1379 2546 1447 2583 65:
1490 2545 1563 2582 Die
1603 2545 1644 2582 in
1684 2543 1809 2583 einem

288 2607 319 2645 F
322 2607 399 2645 alle
428 2606 518 2654 (von
561 2607 668 2646 einer
695 2606 917 2657 Heilquelle
958 2608 1021 2645 bei
1050 2607 1282 2657 Santander)
1324 2609 1512 2658 bezeugte
1554 2607 1813 2657 Versendung

287 2683 361 2708 von
397 2670 710 2709 Mineralwasser
751 2670 819 2708 hat
861 2670 962 2708 ohne
1004 2670 1163 2709 Zweifel
1204 2672 1338 2723 h‘aufig
1378 2670 1681 2722 stattgefunden,
1724 2683 1810 2708 cum

374 2762 404 2799 1)
428 2762 466 2792 In
489 2772 575 2794 cena
597 2761 862 2794 Trimalchionis
887 2763 989 2795 ‘turdi
1004 2786 1011 2794 .
1030 2787 1037 2794 .
1056 2788 1061 2794 .
1085 2764 1223 2796 nucibus
1245 2765 1344 2804 farsi'
1369 2763 1521 2805 appositi
1543 2765 1623 2796 sunt
1645 2763 1685 2804 (c.
1703 2762 1765 2803 69).
