2097 3191
944 214 1203 250 *15-

311 318 388 355 iam
417 318 587 360 afferam,
617 330 687 366 pro
717 316 881 353 Falerno
910 316 1074 354 vendere
1101 313 1383 353 mercatoribus
1412 315 1517 353 haud
1545 315 1704 353 difficile
1732 320 1840 355 erat.

319 379 611 418 Statanum
639 377 740 416 enim
768 391 790 415 a
818 377 982 416 Falerno
1012 377 1185 414 ‘bonitate
1219 389 1296 414 non
1324 377 1432 425 Zonyo
1461 376 1667 415 intervallo’
1698 378 1837 417 aberat

313 443 428 492 (Plin.
459 442 507 481 N.
539 441 588 480 H.
619 440 712 479 XIV
739 440 816 489 65),
857 440 1019 490 ἐμφερὴς
1057 444 1110 489 τῷ
1150 438 1351 489 Φαλερίνῳ
1399 443 1437 479 et
1479 440 1708 490 κουφότερος
1753 445 1837 480 erat

312 505 469 552 (Athen.
498 505 517 542 I
535 504 585 542 48
612 518 651 554 p.
672 505 722 541 26
733 503 779 553 e).
826 504 1122 554 Inscriptionem
1151 507 1279 541 autem
1309 503 1425 552 Stat(
1449 534 1456 541 .
1480 533 1487 541 .
1510 503 1549 551 .).
1570 504 1623 542 M.
1645 504 1685 542 F.
1701 504 1738 542 A
1758 505 1832 542 XV

310 568 414 605 4672
435 566 658 603 ‘Statanum’
688 566 1018 617 interpretandam
1047 580 1130 604 esse
1149 569 1256 616 puto,
1287 580 1373 604 cum
1403 565 1582 603 ‘Falerno
1600 568 1829 605 contermina

309 626 492 673 Statana'‚
537 630 644 675 ‘quae
684 628 737 666 ad
767 629 1041 676 principatum’
1079 632 1264 667 venerant
1304 628 1370 676 (N.
1408 628 1458 665 H.
1488 628 1582 666 XIV
1601 628 1666 677 65)
1706 630 1831 668 multo

308 691 453 729 maiore
480 691 587 729 fama
624 695 753 730 essent
790 705 906 741 quam
935 691 1197 730 Statoniensia
1223 691 1313 729 vina
1340 690 1523 730 Etruriae
1561 690 1626 739 (N.
1658 691 1707 730 H.
1736 691 1831 730 XIV

308 754 386 802 67).
418 755 565 793 ‘Iuncta
594 755 645 791 iis
661 756 845 802 praeponi
864 754 1032 791 solebant
1050 753 1082 791 C
1091 754 1244 792 alena’
1263 755 1327 802 (N.
1344 755 1394 793 H.
1411 754 1504 792 XIV
1516 755 1592 803 65).
1623 752 1832 804 Καλ(ηνὸς)

307 815 402 855 XIII
430 817 453 854 3
472 817 491 855 I
524 818 664 862 10005,
682 818 744 855 21.
786 816 994 856 Falernum
1035 818 1137 855 enim
1175 819 1222 856 ad
1250 817 1412 856 inferius
1449 817 1637 856 Savonem
1676 818 1832 861 flumen,

307 878 512 917 Statanum
556 880 604 917 ad
636 879 816 925 medium,
847 879 1032 918 Calenum
1074 881 1124 918 ad
1164 881 1343 930 superius
1383 881 1624 919 nascebatur.
1688 879 1830 918 ‘Molle’

306 941 489 980 Calenum
519 942 615 990 (Iuv.
637 941 655 979 I
675 942 754 988 69),
783 955 869 979 cum
887 945 1040 989 κοῦφος,
1061 947 1126 978 τοῦ
1148 940 1359 990 Φαλερίνου
1378 941 1707 991 εὐστομαχώτερος
1728 947 1829 981 esset

305 1005 464 1050 (Athen.
495 1005 514 1043 I
534 1006 584 1043 48
604 1020 641 1055 p.
663 1004 742 1052 27),
772 1004 871 1042 vinis
900 1004 1127 1043 fortioribus
1158 1004 1390 1054 Campaniae
1420 1006 1733 1054 praeponebatur
1757 1006 1829 1054 (N.

310 1067 358 1104 H.
389 1066 483 1105 XIV
504 1066 568 1114 65)
584 1067 624 1115 ¹).

414 1129 596 1180 Sequitur
631 1130 710 1168 P‘E
747 1130 821 1168 XV
841 1131 955 1175 4625,
994 1129 1073 1169 Sub
1110 1130 1302 1169 radicibus
1340 1130 1485 1168 montis
1514 1130 1684 1174 Massici,
1721 1131 1826 1169 haud
1859 1137 1868 1143 '

304 1193 443 1243 procul
471 1193 520 1231 ab
550 1206 644 1244 agro
665 1193 828 1232 Falerno
850 1196 888 1232 et
951 1193 1162 1232 Faustiano
1193 1206 1299 1244 agro,
1330 1193 1395 1243 qui
1427 1194 1582 1230 circiter
1599 1192 1700 1230 IIII
1717 1194 1825 1231 milia

298 1268 488 1303 passuum
516 1269 540 1293 a
559 1257 636 1293 vico
657 1255 834 1301 Caedicii,
865 1208 940 1303 q?
916 1258 1052 1293 ivicus
1079 1269 1104 1293 a
1122 1255 1310 1293 Sinuessa
1333 1255 1389 1294 VI
1406 1255 1459 1293 M
1468 1257 1669 1303 passuum’
1692 1256 1756 1303 (N.
1779 1256 1827 1294 H.

303 1318 396 1355 XIV
417 1318 481 1365 62)
523 1320 667 1363 aberat,
705 1332 828 1369 genus
862 1319 967 1357 aliud
995 1318 1150 1357 Falerni
1192 1319 1223 1356 P
1240 1333 1259 1356 e
1275 1322 1291 1356 t
1306 1333 1324 1356 r
1336 1318 1349 1355 i
1367 1333 1393 1356 n
1409 1332 1429 1356 e
1441 1333 1465 1355 n
1481 1332 1499 1356 s
1515 1332 1534 1356 e
1571 1319 1826 1361 nascebatur:

303 1380 521 1430 Porphyrio
550 1382 651 1419 enim
679 1381 745 1430 (ad
774 1381 868 1420 Hor.
899 1395 958 1431 ep.
989 1381 1060 1426 15,
1076 1381 1115 1429 5)
1150 1381 1351 1419 Petrinum
1379 1381 1505 1418 vicum
1544 1383 1582 1418 et
1618 1381 1747 1418 locum
1790 1381 1828 1418 in

304 1457 399 1494 agro
438 1443 600 1483 Falerno
640 1445 757 1483 situm
796 1459 879 1483 esse
918 1444 1022 1483 dicit.
1086 1444 1197 1490 Quod
1237 1457 1358 1494 genus
1398 1456 1628 1493 quamquam
1667 1458 1688 1481 a
1722 1443 1829 1482 nullo

305 1508 492 1556 scriptore
519 1511 674 1556 praeter
701 1508 910 1545 Horatium
937 1510 1271 1551 commemoratur,
1310 1510 1440 1545 tamen
1474 1508 1514 1544 in
1549 1506 1824 1555 amphorarum

305 1569 407 1607 notis
436 1583 636 1608 occurrere
663 1573 770 1620 puto,
807 1584 896 1608 nam
935 1569 1090 1619 signum
1127 1569 1335 1619 amphorae
1376 1568 1550 1608 vinariae
1592 1569 1672 1620 legi
1713 1583 1830 1619 posse

307 1632 401 1669 mihi
429 1632 581 1670 videtur
608 1631 901 1679 ‘Petr(inense)’,
937 1646 1023 1670 cum
1052 1633 1099 1670 ab
1130 1632 1294 1670 Horatio
1324 1632 1395 1670 1.1.
1416 1633 1546 1670 vinum
1586 1633 1694 1669 ‘inter
1719 1631 1830 1669 Min-

304 1696 440 1732 turnas
459 1694 806 1742 Sinuessanumque
829 1693 1038 1732 Petrinum'
1060 1694 1232 1732 laudetur
1242 1693 1283 1742 2).
1315 1694 1501 1733 Petritem
1518 1698 1645 1732 autem
1662 1694 1828 1733 Arabiae

306 1756 420 1805 (Plin.
443 1757 491 1796 N.
513 1757 563 1796 H.
584 1757 680 1796 XIV
700 1758 764 1805 75)
786 1757 997 1807 significari
1018 1756 1224 1795 verisimile
1252 1771 1330 1795 non
1360 1760 1430 1802 est,
1461 1771 1548 1795 cum
1576 1761 1669 1796 nota
1686 1757 1830 1796 litteris

304 1819 450 1857 Latinis
480 1820 627 1869 scripta
654 1820 715 1858 sit.
772 1820 864 1857 Vini
894 1824 1023 1858 autem
1050 1820 1336 1857 Formiani
1377 1821 1480 1869 apud
1509 1821 1718 1869 scriptores
1748 1820 1830 1857 cla-

302 1881 414 1920 rioris
445 1883 487 1921 fit
515 1882 659 1921 mentio
687 1883 727 1920 in
747 1882 850 1921 dolio
870 1882 928 1920 IV
946 1896 982 1932 p.
1004 1882 1042 1920 II
1062 1883 1163 1921 5577
1183 1881 1314 1920 Idibus
1344 1883 1389 1920 de
1408 1881 1617 1921 Formiano
1646 1882 1829 1931 dol(ium)

408 2009 442 2046 Ε
470 2008 630 2058 regione
659 2008 805 2058 oppidi,
836 2023 857 2045 a
885 2022 961 2057 quo
990 2021 1130 2045 nomen
1160 2009 1278 2053 duxit,
1314 2009 1446 2045 vinum
1485 2008 1591 2057 Cap
1608 2021 1750 2045 uanu
1768 2022 1828 2053 m,

302 2067 576 2108 KAHYANOs
603 2069 660 2108 IV
687 2070 802 2115 2833,
832 2068 1090 2119 Καπο(υανὸς)
1120 2067 1307 2118 Λύτ(τιος)
1336 2070 1393 2107 IV
1421 2084 1459 2120 p.
1490 2070 1527 2108 II
1555 2071 1657 2108 5555
1688 2070 1828 2120 gigne—

302 2133 416 2170 batur
429 2132 483 2181 3).
529 2130 898 2170 KAHYANEICIA
928 2131 1166 2170 ZOECIMOY
1194 2132 1251 2170 IV
1269 2133 1374 2171 2826
1404 2132 1535 2171 vinum
1574 2132 1697 2171 fuisse
1728 2133 1830 2171 veri-

302 2194 428 2232 simile
468 2209 546 2233 non
587 2198 667 2239 est;
709 2195 813 2233 haud
853 2195 934 2233 scio
965 2208 1014 2232 an
1050 2195 1373 2233 medicamentum
1401 2194 1519 2233 fuerit
1547 2194 1613 2242 (cf.
1642 2194 1667 2232 i.
1689 2208 1726 2244 p.
1748 2194 1826 2243 33).

303 2257 545 2308 Quamquam
589 2258 720 2295 vinum
756 2257 1043 2296 Cumanum
1078 2271 1157 2295 non
1193 2257 1268 2296 nisi
1305 2273 1327 2296 a
1363 2258 1544 2296 Iuvenale
1582 2257 1655 2304 (XI
1683 2256 1750 2307 57)
1791 2261 1829 2296 et

301 2321 506 2359 Athenaeo
538 2321 573 2370 (Ι
600 2335 637 2371 p.
669 2320 774 2369 26f.)
812 2324 1145 2366 commemoratur,
1181 2326 1311 2359 tamen
1348 2321 1516 2358 fortasse
1551 2320 1743 2370 amphora
1770 2320 1829 2357 IV

301 2398 339 2433 p.
368 2383 408 2422 II
436 2384 540 2422 5553
570 2382 852 2431 ‘C)uma(num)
881 2382 927 2420 P.
948 2382 987 2420 S.
1012 2382 1068 2420 (1’
1097 2383 1294 2422 conditum
1322 2383 1414 2422 fuit.
1465 2383 1509 2420 In
1538 2396 1606 2421 ora
1632 2383 1827 2422 maritima

301 2448 408 2484 sinus
426 2446 680 2496 Neapolitani
699 2445 934 2496 gignebatur
953 2446 989 2484 V
1002 2461 1022 2485 e
1039 2460 1056 2484 s
1074 2446 1114 2495 (u
1129 2461 1151 2484 v
1166 2446 1179 2484 i
1195 2461 1219 2484 n
1234 2461 1259 2484 u
1275 2447 1328 2489 m)
1353 2446 1444 2484 VIII
1465 2446 1501 2484 S.
1526 2445 1584 2483 III
1603 2446 1744 2492 22640,
1762 2447 1825 2484 31.

301 2508 446 2547 Vinum
474 2510 575 2548 enim
603 2509 675 2547 sub
704 2508 898 2546 radicibus
927 2509 1066 2547 montis
1095 2508 1254 2547 Vesuvii
1291 2511 1425 2546 natum
1465 2508 1674 2559 significari
1714 2512 1824 2558 puto,

388 2614 419 2651 l)
442 2613 492 2644 De
516 2612 641 2644 Caleno
670 2612 712 2643 cf.
747 2611 850 2643 etiam
885 2610 1007 2642 Strabo
1031 2611 1060 2641 V
1082 2613 1112 2648 4,
1129 2612 1163 2647 3;
1198 2611 1278 2643 Hor.
1304 2621 1362 2643 car
1364 2622 1406 2642 m.
1444 2612 1457 2642 I
1481 2611 1530 2648 20,
1547 2611 1576 2643 9.
1601 2612 1614 2642 Ι
1637 2611 1686 2647 31,
1711 2612 1741 2642 9.
1778 2610 1825 2642 IV

303 2664 408 2702 12,13
431 2675 504 2705 sqq.

386 2718 418 2757 2)
441 2717 490 2749 De
514 2717 583 2748 situ
605 2716 672 2748 vici
696 2715 828 2748 Petrini
852 2716 893 2747 cf.
917 2715 1049 2756 Nissen,
1074 2716 1143 2747 Lan
1147 2716 1241 2747 desk
1265 2716 1294 2747 11
1319 2727 1350 2757 p.
1376 2717 1446 2747 665

384 2769 417 2807 3)
441 2768 489 2800 De
513 2768 665 2800 Caulims
688 2768 786 2799 iuxta
808 2767 960 2808 Capuam
983 2768 1203 2799 nascentibus
1228 2767 1444 2799 cf.P1in.N
1469 2768 1511 2800 Η.
1533 2767 1610 2797 XIV
1636 2767 1686 2797 69.
