2097 3191
893 187 1127 224 -9—

262 290 401 336 10002,
418 291 493 329 362
535 290 692 335 Romen,
736 303 858 340 prope
899 289 1087 336 Berkach,
1128 289 1366 334 Darmstadt‚
1411 288 1693 328 Oberflorstadt
1732 289 1774 328 in

259 354 431 399 castello,
461 352 584 391 Bonn.
642 353 701 391 De
730 353 918 403 amphora
946 353 1159 404 Hispanica.
1184 366 1306 404 prope
1329 353 1505 392 Bonnam
1539 356 1693 402 reperta
1721 353 1770 391 cf.

255 416 413 456 Dressel
439 416 575 455 Jahrb.
605 417 642 454 d.
663 415 752 455 Ver.
781 430 815 455 v.
846 415 1003 456 Altertf.
1033 417 1085 455 im
1114 416 1265 455 Rheinl.
1299 417 1399 455 1894
1427 431 1464 467 p.
1486 416 1535 454 95
1557 430 1640 467 sqq.
1669 415 1772 455 Eae-

255 482 342 519 dem
370 480 444 518 XV
463 481 563 518 3041
595 481 629 524 d,
660 481 697 524 k,
730 494 765 529 q,
795 480 857 519 vel
884 494 914 518 r.
937 479 1110 518 Titulum
1137 479 1283 529 pictum
1311 481 1351 518 in
1379 480 1556 529 exemplo
1577 479 1612 528 e)
1632 493 1773 518 nomen

258 541 435 592 Hispalis
464 541 598 592 oppidi
626 542 871 581 exhibentem
898 542 985 581 vide
1013 541 1108 580 XIII
1137 543 1276 587 10003,
1295 544 1328 580 1.

364 603 407 651 Q.
421 603 507 642 ND.
523 604 597 642 XV
617 605 720 643 3039
751 619 813 642 a—
826 604 867 653 b)
889 604 932 650 Q.
953 604 1040 642 ND.
1063 603 1198 647 AND;
1221 603 1255 651 c)
1277 604 1321 649 Q.
1343 605 1418 642 ND
1438 605 1580 643 PRIM.
1611 605 1771 643 Romae.

256 668 301 706 In
321 667 509 717 amphora
529 667 634 705 3039
649 667 673 705 b
693 681 833 706 nomen
854 668 991 717 oppidi
1010 666 1210 705 Cordubae
1224 666 1378 717 legitur.
1422 667 1517 706 XIII
1537 668 1677 713 10002,
1694 669 1771 707 356

255 730 299 776 Q.
322 730 407 768 ND.
430 730 544 768 AND
573 730 831 780 Arentsburg.
888 730 963 768 357
995 728 1197 775 QNDPRI
1224 729 1379 768 Erbach
1408 731 1447 768 in
1476 734 1615 769 castro.

365 792 628 832 Saxoferreo
670 793 741 832 vel
784 792 1014 832 Saxiferri.
1060 793 1104 832 In
1146 794 1332 845 amphora
1374 793 1444 832 XV
1487 795 1586 832 4171
1630 808 1770 834 nomen

262 856 462 894 Cordubae
505 856 639 906 oppidi
679 856 845 894 occurrit
886 859 924 894 et
963 857 1065 895 infra
1107 857 1180 905 ‘fiffi
1216 847 1344 894 deo'.
1403 857 1476 894 XV
1505 858 1606 895 3167
1649 858 1771 896 multa

257 919 436 969 exempla
475 919 631 958 Romae.
679 919 755 957 XII
784 919 898 964 5683,
917 920 992 958 272
1020 918 1191 966 Arelate,
1227 919 1455 965 mansione,
1495 919 1772 971 Trinquetaille

255 982 295 1019 in
323 981 409 1031 ripa
437 982 627 1019 Rhodani.
673 982 771 1019 XIII
801 983 939 1027 10002,
956 984 1006 1020 46
1035 982 1213 1028 Poitiers‚
1235 982 1441 1027 Clerrnont‚
1472 982 1600 1026 Trion,
1622 983 1767 1029 Autun,

259 1043 404 1090 Melun,
434 1043 553 1083 Foret
573 1045 618 1082 de
639 1044 886 1095 Compiegna
916 1045 1127 1096 Besancon,
1157 1045 1197 1084 in
1222 1046 1339 1084 fluvio
1359 1045 1418 1091 Ill,
1438 1046 1559 1091 Bonn.
1581 1045 1767 1084 Vechten.

253 1107 304 1144 ib.
333 1107 383 1143 47
405 1106 442 1144 S.
463 1106 502 1144 L.
524 1107 566 1144 Τ.
589 1104 829 1157 SAX1-ER12
849 1107 978 1145 Trion.
1005 1107 1080 1146 XII
1092 1108 1206 1153 5683,
1226 1109 1298 1146 160
1322 1107 1359 1146 S.
1370 1108 1409 1146 L.
1421 1108 1463 1146 T.
1490 1106 1708 1159 SAxg-EF,
1722 1109 1767 1146 R.

259 1168 448 1209 Genavae.

360 1231 599 1271 SABINIII
620 1233 734 1278 4968,
752 1234 776 1271 3
796 1232 838 1278 Q.
857 1233 898 1271 F.
917 1233 1154 1279 SABINVS,
1178 1233 1376 1283 Hispania.
1420 1234 1492 1273 XV
1507 1235 1768 1273 3934—3938

258 1296 301 1333 Τ.
323 1295 528 1334 LITVCCI
548 1297 738 1335 SABINI.
795 1297 840 1335 In
879 1298 1065 1347 amphora
1094 1298 1195 1336 3935
1231 1311 1369 1336 nomen
1397 1290 1599 1336 Cordubae
1636 1298 1769 1348 oppidi

254 1359 433 1397 occurrit.
462 1359 537 1397 XII
552 1360 665 1403 5683,
684 1360 760 1398 266
783 1359 1009 1398 SABINVS
1023 1359 1189 1398 Arelate.
1233 1360 1330 1398 XIII
1351 1361 1490 1406 10002,
1508 1362 1584 1399 453
1605 1361 1769 1399 Xanten.

254 1427 331 1464 229
372 1426 545 1464 FIRM'.
592 1427 692 1466 SAB
732 1427 862 1466 Trion.
932 1427 1029 1465 XIII
1073 1428 1212 1474 10003,
1241 1429 1291 1465 53
1333 1428 1469 1466 titulus
1511 1427 1768 1478 scaripha‘cus,

264 1489 426 1528 Xanten.
906 1506 914 1515 ·

359 1552 539 1592 LIDFIT
569 1553 642 1591 XV
672 1554 771 1592 2631
803 1553 840 1602 a)
861 1553 889 1592 L
907 1553 1059 1591 ·I·DF
1087 1552 1346 1598 ITALICAE,
1376 1552 1418 1603 g)
1447 1554 1634 1592 LIDFIT.
1665 1554 1770 1604 (per-

256 1616 379 1654 multa
406 1617 582 1666 exempla
607 1617 648 1655 in
677 1616 893 1665 Testaceo).
950 1616 1047 1654 XIII
1077 1616 1216 1661 10002,
1231 1618 1279 1654 21
1310 1616 1499 1663 LIDFIT,
1536 1631 1657 1667 prope
1686 1618 1768 1656 Ab·

254 1677 393 1717 beville
420 1692 500 1728 rep.
531 1678 713 1716 ‘Italicae’
746 1682 804 1717 est
832 1693 978 1717 nomen
1006 1678 1141 1728 oppidi
1169 1679 1351 1718 Baeticae
1379 1680 1611 1729 provinciae.

361 1741 414 1779 M.
443 1740 649 1780 VALERI.
689 1742 839 1781 Multae
868 1742 1077 1792 amphorae
1098 1741 1246 1780 Valerii
1274 1756 1341 1781 seu
1362 1742 1604 1781 Valeriorum
1623 1743 1770 1781 Romae
1820 1733 1824 1737 .

254 1807 428 1856 repertae
458 1807 557 1850 sunt,
588 1818 749 1854 quarum
779 1805 891 1854 origo
920 1804 1134 1855 Hispaniea
1160 1805 1379 1843 nominibus
1416 1805 1645 1855 oppidorum
1675 1805 1768 1845 Cor-

254 1868 379 1907 dubae
412 1881 479 1906 seu
507 1867 657 1919 Astigis
696 1867 893 1918 amphoris
929 1867 1137 1918 inscriptis,
1172 1881 1241 1906 seu
1278 1868 1593 1918 inscriptionibus
1631 1868 1767 1908 iisdem

253 1931 293 1968 in
319 1929 511 1979 Hispania
538 1931 826 1968 occurrentibus
856 1930 950 1968 satis
979 1931 1269 1979 comprobatum
1300 1932 1347 1968 ef.
1378 1931 1463 1975 XV,
1493 1932 1765 1969 4002-4032.

253 1992 305 2031 Μ.
336 1991 533 2031 VALERI
574 2006 715 2031 nomen
757 1993 924 2031 occurrit
965 1993 1005 2030 in
1046 1993 1176 2042 amph.
1234 1992 1307 2030 XV
1335 1993 1439 2031 4014
1480 1993 1532 2032 Μ.
1569 1993 1766 2033 VALERI

253 2055 442 2100 EVTIGI,
464 2056 567 2093 4028
587 2056 639 2093 Μ.
657 2055 853 2093 VALERI
870 2055 1064 2099 PRIMIG,
1085 2055 1188 2093 4030
1209 2056 1261 2093 Μ.
1279 2055 1475 2093 VALERI
1488 2055 1765 2094 VALENTIS.

253 2116 297 2156 In
326 2117 467 2156 volum.
496 2117 556 2156 III
585 2117 621 2156 S.
646 2117 674 2163 Ι,
702 2117 741 2155 in
774 2131 850 2167 quo
874 2117 1146 2167 inscriptiones
1166 2117 1399 2164 Pannoniae,
1429 2118 1577 2164 Norici,
1608 2119 1768 2158 Raetiae

254 2180 379 2217 editae
418 2183 517 2224 sunt,
564 2181 701 2225 12010,
719 2180 768 2217 48
810 2180 995 2229 amphora
1030 2179 1101 2216 ‘M.
1137 2179 1266 2217 Valeri
1305 2180 1495 2217 Maoeumi'
1539 2181 1767 2229 ‘liqsuamem

253 2241 448 2291 scombffl)
496 2242 732 2292 eoecelfflensf
766 2243 960 2281 eonditum
1002 2246 1095 2281 erat.
1176 2244 1253 2282 VII
1294 2245 1408 2290 1431,
1445 2246 1520 2282 114
1570 2243 1768 2283 VALERI

252 2305 426 2344 Londini.

360 2368 435 2408 Sed
465 2369 510 2408 de
537 2369 599 2408 his
622 2369 736 2420 plura
755 2370 893 2409 addere
912 2370 1015 2409 nolo.
1052 2370 1155 2410 Nam
1185 2372 1337 2411 etiamsi
1366 2386 1412 2411 ex
1438 2372 1624 2422 exemplis
1653 2386 1769 2422 supra
1826 2393 1830 2395 -

256 2432 473 2481 propositis
502 2433 548 2470 de
567 2432 847 2482 Hispaniarum
868 2434 1097 2472 commercio
1126 2435 1303 2473 nonnihil
1323 2435 1455 2486 colligi
1486 2449 1600 2485 posse
1619 2435 1771 2473 videtur

255 2497 370 2544 atque
400 2508 446 2533 ex
474 2495 599 2534 indice
629 2495 798 2534 omnium
816 2496 955 2535 harum
974 2495 1268 2547 inscriptionum
1288 2513 1310 2536 a
1329 2512 1390 2536 me
1410 2499 1623 2548 composito
1652 2499 1767 2537 etiam

253 2556 368 2606 plura
385 2557 554 2596 fortasse
574 2559 770 2596 enucleari
787 2562 970 2608 poterant
989 2560 1034 2597 de
1054 2560 1251 2598 nominum
1279 2564 1317 2599 et
1337 2561 1610 2610 amphorarum
1628 2562 1767 2611 patria,

253 2622 383 2656 tamen
412 2633 528 2669 quam
554 2620 706 2659 lubrica
734 2621 887 2659 interim
914 2635 975 2659 res
1002 2622 1064 2667 sit,
1093 2622 1189 2661 satis
1218 2627 1427 2673 comparet.
1481 2623 1636 2661 Etenim
1665 2624 1768 2673 quod

255 2681 527 2733 gravissimum
555 2675 626 2729 est,
657 2697 704 2722 ex
734 2685 872 2736 sigillis
901 2699 978 2735 qua
1006 2686 1161 2736 quidem
1189 2687 1341 2726 ratione
1370 2687 1494 2726 adhuc
1530 2687 1591 2726 edi
1629 2687 1766 2733 solent,

254 2745 498 2794 quaestiones
527 2746 572 2782 de
604 2749 832 2785 commercio
868 2751 1041 2785 veterum
1075 2749 1231 2787 omnino
1272 2749 1423 2787 institui
1463 2762 1542 2787 non
1577 2762 1693 2798 posse
1727 2748 1766 2785 in
