<?xml version="1.0" encoding="UTF-8"?>
<!DOCTYPE html PUBLIC "-//W3C//DTD XHTML 1.0 Transitional//EN"
    "http://www.w3.org/TR/xhtml1/DTD/xhtml1-transitional.dtd">
<html xmlns="http://www.w3.org/1999/xhtml" xml:lang="en" lang="en">
 <head>
  <title>
</title>
<meta http-equiv="Content-Type" content="text/html;charset=utf-8" />
  <meta name='ocr-system' content='tesseract 3.04.00' />
  <meta name='ocr-capabilities' content='ocr_page ocr_carea ocr_par ocr_line ocrx_word'/>
</head>
<body>
  <div class='ocr_page' id='page_1' title='image "4738061_0044.png"; bbox 0 0 2097 3191; ppageno 0'>
   <div class='ocr_carea' id='block_1_1' title="bbox 851 199 1114 238">
    <p class='ocr_par' dir='ltr' id='par_1_1' title="bbox 851 199 1114 238">
     <span class='ocr_line' id='line_1_1' title="bbox 851 199 1114 238; baseline 0.004 -13"><span class='ocrx_word' id='word_1_1' title='bbox 851 199 1114 238; x_wconf 73' lang='lat'><strong>..31-</strong></span> 
     </span>
    </p>
   </div>
   <div class='ocr_carea' id='block_1_2' title="bbox 230 298 1745 610">
    <p class='ocr_par' dir='ltr' id='par_1_2' title="bbox 230 298 1745 474">
     <span class='ocr_line' id='line_1_2' title="bbox 232 298 1745 353; baseline 0 -13"><span class='ocrx_word' id='word_1_2' title='bbox 232 301 371 340; x_wconf 86' lang='lat' dir='ltr'>Strabo</span> <span class='ocrx_word' id='word_1_3' title='bbox 400 315 521 352; x_wconf 87' lang='lat' dir='ltr'>aquas</span> <span class='ocrx_word' id='word_1_4' title='bbox 549 302 715 340; x_wconf 90' lang='lat' dir='ltr'>fontium</span> <span class='ocrx_word' id='word_1_5' title='bbox 743 302 954 340; x_wconf 88' lang='lat' dir='ltr'>salubrium</span> <span class='ocrx_word' id='word_1_6' title='bbox 990 303 1038 341; x_wconf 85' lang='lat' dir='ltr'>ab</span> <span class='ocrx_word' id='word_1_7' title='bbox 1068 298 1360 353; x_wconf 78' lang='lat' dir='ltr'>aegrotantibus</span> <span class='ocrx_word' id='word_1_8' title='bbox 1388 301 1470 341; x_wconf 88' lang='lat' dir='ltr'>bibi</span> <span class='ocrx_word' id='word_1_9' title='bbox 1506 302 1609 340; x_wconf 86' lang='lat' dir='ltr'>dicat</span> <span class='ocrx_word' id='word_1_10' title='bbox 1637 301 1745 341; x_wconf 89' lang='lat' dir='ltr'>Coti-</span> 
     </span>
     <span class='ocr_line' id='line_1_3' title="bbox 230 364 1745 416; baseline 0.001 -13"><span class='ocrx_word' id='word_1_11' title='bbox 230 364 370 404; x_wconf 85' lang='lat' dir='ltr'>liarum</span> <span class='ocrx_word' id='word_1_12' title='bbox 390 364 446 415; x_wconf 90' lang='lat' dir='ltr'>(in</span> <span class='ocrx_word' id='word_1_13' title='bbox 466 364 634 413; x_wconf 84' lang='lat' dir='ltr'><strong>Sabinis)</strong></span> <span class='ocrx_word' id='word_1_14' title='bbox 654 364 691 403; x_wconf 93' lang='lat' dir='ltr'><strong>V</strong></span> <span class='ocrx_word' id='word_1_15' title='bbox 708 366 744 411; x_wconf 99' lang='lat'>3,</span> <span class='ocrx_word' id='word_1_16' title='bbox 760 365 798 410; x_wconf 88' lang='lat' dir='ltr'>l;</span> <span class='ocrx_word' id='word_1_17' title='bbox 818 365 1060 412; x_wconf 83' lang='lat' dir='ltr'><strong>Albularum,</strong></span> <span class='ocrx_word' id='word_1_18' title='bbox 1081 365 1275 413; x_wconf 81' lang='lat' dir='ltr'>Nomenti,</span> <span class='ocrx_word' id='word_1_19' title='bbox 1295 366 1405 405; x_wconf 88' lang='lat' dir='ltr'>Ereti</span> <span class='ocrx_word' id='word_1_20' title='bbox 1424 366 1461 404; x_wconf 90' lang='lat' dir='ltr'><strong>V</strong></span> <span class='ocrx_word' id='word_1_21' title='bbox 1477 367 1511 412; x_wconf 85' lang='lat'>3,</span> <span class='ocrx_word' id='word_1_22' title='bbox 1525 367 1593 410; x_wconf 86' lang='lat'>11;</span> <span class='ocrx_word' id='word_1_23' title='bbox 1613 364 1745 416; x_wconf 89' lang='lat' dir='ltr'>Aege·</span> 
     </span>
     <span class='ocr_line' id='line_1_4' title="bbox 232 427 582 474; baseline 0 -8"><span class='ocrx_word' id='word_1_24' title='bbox 232 430 379 466; x_wconf 80' lang='lat' dir='ltr'>starum</span> <span class='ocrx_word' id='word_1_25' title='bbox 407 427 465 466; x_wconf 90' lang='lat' dir='ltr'>VI</span> <span class='ocrx_word' id='word_1_26' title='bbox 494 430 529 474; x_wconf 85' lang='lat'>2,</span> <span class='ocrx_word' id='word_1_27' title='bbox 547 429 582 466; x_wconf 85' lang='lat'>9.</span> 
     </span>
    </p>

    <p class='ocr_par' dir='ltr' id='par_1_3' title="bbox 232 490 1744 610">
     <span class='ocr_line' id='line_1_5' title="bbox 339 490 1744 544; baseline 0.001 -16"><span class='ocrx_word' id='word_1_28' title='bbox 339 490 590 529; x_wconf 79' lang='lat' dir='ltr'><strong>Frumentum</strong></span> <span class='ocrx_word' id='word_1_29' title='bbox 606 492 882 543; x_wconf 78' lang='lat' dir='ltr'>antiquissimis</span> <span class='ocrx_word' id='word_1_30' title='bbox 896 506 941 530; x_wconf 87' lang='lat' dir='ltr'>ex</span> <span class='ocrx_word' id='word_1_31' title='bbox 952 492 1192 541; x_wconf 75' lang='lat' dir='ltr'>temporibus</span> <span class='ocrx_word' id='word_1_32' title='bbox 1206 493 1401 544; x_wconf 87' lang='lat' dir='ltr'>amphoris</span> <span class='ocrx_word' id='word_1_33' title='bbox 1415 493 1744 536; x_wconf 78' lang='lat' dir='ltr'>adservabaturl).</span> 
     </span>
     <span class='ocr_line' id='line_1_6' title="bbox 232 553 1744 610; baseline 0.002 -19"><span class='ocrx_word' id='word_1_34' title='bbox 232 553 359 599; x_wconf 82' lang='lat' dir='ltr'><strong>Quare</strong></span> <span class='ocrx_word' id='word_1_35' title='bbox 387 554 420 592; x_wconf 92' lang='lat' dir='ltr'>si</span> <span class='ocrx_word' id='word_1_36' title='bbox 439 553 496 592; x_wconf 87' lang='lat' dir='ltr'>IV</span> <span class='ocrx_word' id='word_1_37' title='bbox 515 555 617 593; x_wconf 85' lang='lat'>2567</span> <span class='ocrx_word' id='word_1_38' title='bbox 645 554 872 610; x_wconf 88' lang='lat' dir='ltr'>inscriptum</span> <span class='ocrx_word' id='word_1_39' title='bbox 902 558 961 594; x_wconf 86' lang='lat' dir='ltr'>est</span> <span class='ocrx_word' id='word_1_40' title='bbox 991 553 1060 602; x_wconf 83' lang='lat' dir='ltr'>‘fa</span> <span class='ocrx_word' id='word_1_41' title='bbox 1075 555 1124 601; x_wconf 88' lang='lat' dir='ltr'>r&#39;,</span> <span class='ocrx_word' id='word_1_42' title='bbox 1152 569 1231 594; x_wconf 94' lang='lat' dir='ltr'>non</span> <span class='ocrx_word' id='word_1_43' title='bbox 1257 559 1337 594; x_wconf 91' lang='lat' dir='ltr'>tam</span> <span class='ocrx_word' id='word_1_44' title='bbox 1376 556 1421 594; x_wconf 92' lang='lat' dir='ltr'>de</span> <span class='ocrx_word' id='word_1_45' title='bbox 1450 556 1553 595; x_wconf 86' lang='lat' dir='ltr'>farre</span> <span class='ocrx_word' id='word_1_46' title='bbox 1585 555 1744 594; x_wconf 82' lang='lat' dir='ltr'>facticio</span> 
     </span>
    </p>
   </div>
   <div class='ocr_carea' id='block_1_3' title="bbox 232 616 1743 732">
    <p class='ocr_par' dir='ltr' id='par_1_4' title="bbox 232 616 1743 732">
     <span class='ocr_line' id='line_1_7' title="bbox 232 616 1741 669; baseline 0.001 -14"><span class='ocrx_word' id='word_1_47' title='bbox 232 616 344 665; x_wconf 85' lang='lat' dir='ltr'>(Cato</span> <span class='ocrx_word' id='word_1_48' title='bbox 363 631 393 655; x_wconf 92' lang='lat' dir='ltr'>r.</span> <span class='ocrx_word' id='word_1_49' title='bbox 415 632 444 655; x_wconf 89' lang='lat' dir='ltr'>r.</span> <span class='ocrx_word' id='word_1_50' title='bbox 467 619 606 664; x_wconf 86' lang='lat'>141,3)</span> <span class='ocrx_word' id='word_1_51' title='bbox 651 618 898 668; x_wconf 79' lang='lat' dir='ltr'>cogitandum</span> <span class='ocrx_word' id='word_1_52' title='bbox 939 621 999 656; x_wconf 90' lang='lat' dir='ltr'>est</span> <span class='ocrx_word' id='word_1_53' title='bbox 1040 631 1155 668; x_wconf 86' lang='lat' dir='ltr'>quam</span> <span class='ocrx_word' id='word_1_54' title='bbox 1188 619 1234 657; x_wconf 89' lang='lat' dir='ltr'>de</span> <span class='ocrx_word' id='word_1_55' title='bbox 1274 620 1406 668; x_wconf 88' lang='lat' dir='ltr'>granis</span> <span class='ocrx_word' id='word_1_56' title='bbox 1447 619 1542 669; x_wconf 87' lang='lat' dir='ltr'>ipsis</span> <span class='ocrx_word' id='word_1_57' title='bbox 1581 619 1741 669; x_wconf 88' lang='lat' dir='ltr'>speltae.</span> 
     </span>
     <span class='ocr_line' id='line_1_8' title="bbox 232 679 1743 732; baseline 0.001 -15"><span class='ocrx_word' id='word_1_58' title='bbox 232 679 339 725; x_wconf 84' lang='lat' dir='ltr'><strong>Quae</strong></span> <span class='ocrx_word' id='word_1_59' title='bbox 380 693 502 729; x_wconf 86' lang='lat' dir='ltr'>grana</span> <span class='ocrx_word' id='word_1_60' title='bbox 541 681 646 719; x_wconf 85' lang='lat' dir='ltr'>mola</span> <span class='ocrx_word' id='word_1_61' title='bbox 678 680 845 719; x_wconf 88' lang='lat' dir='ltr'>contrita</span> <span class='ocrx_word' id='word_1_62' title='bbox 882 680 1092 728; x_wconf 77' lang='lat' dir='ltr'>‘mol(a)’</span> <span class='ocrx_word' id='word_1_63' title='bbox 1123 681 1180 719; x_wconf 95' lang='lat' dir='ltr'><strong>IV</strong></span> <span class='ocrx_word' id='word_1_64' title='bbox 1199 682 1458 720; x_wconf 83' lang='lat'>2604—2607</span> <span class='ocrx_word' id='word_1_65' title='bbox 1489 685 1527 720; x_wconf 90' lang='lat' dir='ltr'>et</span> <span class='ocrx_word' id='word_1_66' title='bbox 1553 681 1610 720; x_wconf 90' lang='lat' dir='ltr'><strong>IV</strong></span> <span class='ocrx_word' id='word_1_67' title='bbox 1635 696 1673 732; x_wconf 90' lang='lat' dir='ltr'>p.</span> <span class='ocrx_word' id='word_1_68' title='bbox 1705 681 1743 719; x_wconf 93' lang='lat' dir='ltr'>II</span> 
     </span>
    </p>
   </div>
   <div class='ocr_carea' id='block_1_4' title="bbox 227 743 1744 1549">
    <p class='ocr_par' dir='ltr' id='par_1_5' title="bbox 232 743 768 782">
     <span class='ocr_line' id='line_1_9' title="bbox 232 743 768 782; baseline 0.002 -2"><span class='ocrx_word' id='word_1_69' title='bbox 232 743 492 782; x_wconf 85' lang='lat'>5745—-5760</span> <span class='ocrx_word' id='word_1_70' title='bbox 519 744 768 782; x_wconf 82' lang='lat' dir='ltr'>vocabantur.</span> 
     </span>
    </p>

    <p class='ocr_par' dir='ltr' id='par_1_6' title="bbox 227 804 1744 1549">
     <span class='ocr_line' id='line_1_10' title="bbox 337 804 1744 858; baseline 0 -14"><span class='ocrx_word' id='word_1_71' title='bbox 337 804 431 844; x_wconf 87' lang='lat' dir='ltr'>Cum</span> <span class='ocrx_word' id='word_1_72' title='bbox 452 806 602 856; x_wconf 77' lang='lat' dir='ltr'>antiqui</span> <span class='ocrx_word' id='word_1_73' title='bbox 621 820 704 845; x_wconf 85' lang='lat' dir='ltr'>eam</span> <span class='ocrx_word' id='word_1_74' title='bbox 722 807 893 845; x_wconf 87' lang='lat' dir='ltr'>nondum</span> <span class='ocrx_word' id='word_1_75' title='bbox 911 806 1108 845; x_wconf 85' lang='lat' dir='ltr'>novissent</span> <span class='ocrx_word' id='word_1_76' title='bbox 1125 805 1339 852; x_wconf 79' lang='lat' dir='ltr'>materiam,</span> <span class='ocrx_word' id='word_1_77' title='bbox 1368 821 1483 858; x_wconf 86' lang='lat' dir='ltr'>quam</span> <span class='ocrx_word' id='word_1_78' title='bbox 1501 821 1573 845; x_wconf 92' lang='lat' dir='ltr'>nos</span> <span class='ocrx_word' id='word_1_79' title='bbox 1594 806 1744 846; x_wconf 84' lang='lat' dir='ltr'>Zucker</span> 
     </span>
     <span class='ocr_line' id='line_1_11' title="bbox 232 868 1743 920; baseline 0.001 -14"><span class='ocrx_word' id='word_1_80' title='bbox 232 868 403 914; x_wconf 86' lang='lat' dir='ltr'>dicimus,</span> <span class='ocrx_word' id='word_1_81' title='bbox 432 870 535 908; x_wconf 88' lang='lat' dir='ltr'>mel</span> <span class='ocrx_word' id='word_1_82' title='bbox 575 870 743 908; x_wconf 85' lang='lat' dir='ltr'>maximo</span> <span class='ocrx_word' id='word_1_83' title='bbox 785 870 825 908; x_wconf 92' lang='lat' dir='ltr'>in</span> <span class='ocrx_word' id='word_1_84' title='bbox 853 884 923 909; x_wconf 89' lang='lat' dir='ltr'>usu</span> <span class='ocrx_word' id='word_1_85' title='bbox 964 871 1085 909; x_wconf 86' lang='lat' dir='ltr'>fuisse</span> <span class='ocrx_word' id='word_1_86' title='bbox 1119 870 1304 909; x_wconf 88' lang='lat' dir='ltr'>videmus.</span> <span class='ocrx_word' id='word_1_87' title='bbox 1359 871 1521 920; x_wconf 84' lang='lat' dir='ltr'>Apicius</span> <span class='ocrx_word' id='word_1_88' title='bbox 1549 870 1664 909; x_wconf 85' lang='lat' dir='ltr'>etiam</span> <span class='ocrx_word' id='word_1_89' title='bbox 1696 870 1743 907; x_wconf 85' lang='lat' dir='ltr'>ad</span> 
     </span>
     <span class='ocr_line' id='line_1_12' title="bbox 231 932 1742 980; baseline 0.001 -13"><span class='ocrx_word' id='word_1_90' title='bbox 231 944 452 969; x_wconf 82' lang='lat' dir='ltr'><strong>cucumeres</strong></span> <span class='ocrx_word' id='word_1_91' title='bbox 480 932 738 970; x_wconf 89' lang='lat' dir='ltr'>conficiendos</span> <span class='ocrx_word' id='word_1_92' title='bbox 766 933 842 971; x_wconf 91' lang='lat' dir='ltr'>mel</span> <span class='ocrx_word' id='word_1_93' title='bbox 870 933 1054 978; x_wconf 53' lang='lat' dir='ltr'>addebam</span> <span class='ocrx_word' id='word_1_94' title='bbox 1085 934 1186 980; x_wconf 80' lang='lat' dir='ltr'>‘quin</span> <span class='ocrx_word' id='word_1_95' title='bbox 1213 935 1246 969; x_wconf 89' lang='lat' dir='ltr'>et</span> <span class='ocrx_word' id='word_1_96' title='bbox 1264 935 1406 970; x_wconf 84' lang='lat' dir='ltr'>acetum</span> <span class='ocrx_word' id='word_1_97' title='bbox 1435 933 1539 970; x_wconf 79' lang='lat' dir='ltr'>melle</span> <span class='ocrx_word' id='word_1_98' title='bbox 1562 935 1742 979; x_wconf 76' lang='lat' dir='ltr'>tempera-</span> 
     </span>
     <span class='ocr_line' id='line_1_13' title="bbox 231 992 1742 1045; baseline 0.003 -15"><span class='ocrx_word' id='word_1_99' title='bbox 231 992 364 1039; x_wconf 81' lang='lat' dir='ltr'>batur’,</span> <span class='ocrx_word' id='word_1_100' title='bbox 408 994 580 1043; x_wconf 72' lang='lat' dir='ltr'>‘ooeymeli</span> <span class='ocrx_word' id='word_1_101' title='bbox 607 994 673 1032; x_wconf 75' lang='lat' dir='ltr'>hoe</span> <span class='ocrx_word' id='word_1_102' title='bbox 699 995 888 1032; x_wconf 75' lang='lat' dir='ltr'>vocarunt’</span> <span class='ocrx_word' id='word_1_103' title='bbox 926 995 1041 1045; x_wconf 87' lang='lat' dir='ltr'>(Plin.</span> <span class='ocrx_word' id='word_1_104' title='bbox 1070 995 1120 1034; x_wconf 92' lang='lat' dir='ltr'>N.</span> <span class='ocrx_word' id='word_1_105' title='bbox 1142 996 1190 1034; x_wconf 89' lang='lat' dir='ltr'>H.</span> <span class='ocrx_word' id='word_1_106' title='bbox 1219 995 1312 1034; x_wconf 92' lang='lat' dir='ltr'>XIV</span> <span class='ocrx_word' id='word_1_107' title='bbox 1334 997 1425 1040; x_wconf 87' lang='lat'>114;</span> <span class='ocrx_word' id='word_1_108' title='bbox 1454 995 1503 1034; x_wconf 89' lang='lat' dir='ltr'>cf.</span> <span class='ocrx_word' id='word_1_109' title='bbox 1525 995 1645 1034; x_wconf 84' lang='lat' dir='ltr'>Galen</span> <span class='ocrx_word' id='word_1_110' title='bbox 1666 994 1742 1033; x_wconf 90' lang='lat' dir='ltr'>VII</span> 
     </span>
     <span class='ocr_line' id='line_1_14' title="bbox 232 1057 1743 1108; baseline 0 -14"><span class='ocrx_word' id='word_1_111' title='bbox 232 1058 328 1095; x_wconf 89' lang='lat'>560:</span> <span class='ocrx_word' id='word_1_112' title='bbox 360 1086 397 1094; x_wconf 94' lang='lat'>..</span> <span class='ocrx_word' id='word_1_113' title='bbox 420 1087 428 1094; x_wconf 91' lang='lat'><strong>.</strong></span> <span class='ocrx_word' id='word_1_114' title='bbox 450 1059 600 1095; x_wconf 86' lang='lat' dir='ltr'>acetum</span> <span class='ocrx_word' id='word_1_115' title='bbox 636 1058 803 1095; x_wconf 90' lang='lat' dir='ltr'>mulsum</span> <span class='ocrx_word' id='word_1_116' title='bbox 834 1088 841 1096; x_wconf 88' lang='lat'><strong>.</strong></span> <span class='ocrx_word' id='word_1_117' title='bbox 871 1088 879 1096; x_wconf 95' lang='lat'><strong>.</strong></span> <span class='ocrx_word' id='word_1_118' title='bbox 910 1085 918 1094; x_wconf 90' lang='lat'><strong>.</strong></span> <span class='ocrx_word' id='word_1_119' title='bbox 947 1059 1111 1108; x_wconf 82' lang='lat' dir='ltr'>oxymeli</span> <span class='ocrx_word' id='word_1_120' title='bbox 1139 1058 1296 1106; x_wconf 87' lang='lat' dir='ltr'>dicunt).</span> <span class='ocrx_word' id='word_1_121' title='bbox 1352 1059 1554 1107; x_wconf 87' lang='lat' dir='ltr'>Amphora</span> <span class='ocrx_word' id='word_1_122' title='bbox 1572 1057 1628 1095; x_wconf 86' lang='lat' dir='ltr'>IV</span> <span class='ocrx_word' id='word_1_123' title='bbox 1646 1071 1683 1107; x_wconf 92' lang='lat' dir='ltr'>p.</span> <span class='ocrx_word' id='word_1_124' title='bbox 1704 1057 1743 1095; x_wconf 88' lang='lat' dir='ltr'>II</span> 
     </span>
     <span class='ocr_line' id='line_1_15' title="bbox 232 1119 1743 1171; baseline 0 -13"><span class='ocrx_word' id='word_1_125' title='bbox 232 1120 332 1158; x_wconf 85' lang='lat'>5741</span> <span class='ocrx_word' id='word_1_126' title='bbox 363 1119 467 1157; x_wconf 81' lang='lat' dir='ltr'>‘met</span> <span class='ocrx_word' id='word_1_127' title='bbox 493 1119 780 1168; x_wconf 67' lang='lat' dir='ltr'>thyminum’</span> <span class='ocrx_word' id='word_1_128' title='bbox 811 1121 1089 1168; x_wconf 80' lang='lat' dir='ltr'>continebatur,</span> <span class='ocrx_word' id='word_1_129' title='bbox 1119 1122 1222 1171; x_wconf 91' lang='lat' dir='ltr'>quod</span> <span class='ocrx_word' id='word_1_130' title='bbox 1250 1121 1342 1171; x_wconf 88' lang='lat' dir='ltr'>quid</span> <span class='ocrx_word' id='word_1_131' title='bbox 1369 1121 1488 1159; x_wconf 82' lang='lat' dir='ltr'>suerit</span> <span class='ocrx_word' id='word_1_132' title='bbox 1506 1120 1596 1158; x_wconf 89' lang='lat' dir='ltr'>Mau</span> <span class='ocrx_word' id='word_1_133' title='bbox 1627 1133 1667 1158; x_wconf 89' lang='lat' dir='ltr'>se</span> <span class='ocrx_word' id='word_1_134' title='bbox 1689 1120 1743 1158; x_wconf 85' lang='lat' dir='ltr'>ait</span> 
     </span>
     <span class='ocr_line' id='line_1_16' title="bbox 229 1182 1740 1235; baseline -0.001 -14"><span class='ocrx_word' id='word_1_135' title='bbox 229 1182 388 1222; x_wconf 90' lang='lat' dir='ltr'>nescire.</span> <span class='ocrx_word' id='word_1_136' title='bbox 444 1183 535 1222; x_wconf 84' lang='lat' dir='ltr'>Sine</span> <span class='ocrx_word' id='word_1_137' title='bbox 564 1184 680 1223; x_wconf 92' lang='lat' dir='ltr'>dubio</span> <span class='ocrx_word' id='word_1_138' title='bbox 708 1185 803 1223; x_wconf 91' lang='lat' dir='ltr'>illud</span> <span class='ocrx_word' id='word_1_139' title='bbox 830 1184 954 1223; x_wconf 88' lang='lat' dir='ltr'>mellis</span> <span class='ocrx_word' id='word_1_140' title='bbox 982 1197 1103 1235; x_wconf 86' lang='lat' dir='ltr'>genus</span> <span class='ocrx_word' id='word_1_141' title='bbox 1122 1185 1318 1222; x_wconf 82' lang='lat' dir='ltr'>laudatum</span> <span class='ocrx_word' id='word_1_142' title='bbox 1347 1186 1439 1229; x_wconf 87' lang='lat' dir='ltr'>erat,</span> <span class='ocrx_word' id='word_1_143' title='bbox 1470 1184 1573 1233; x_wconf 91' lang='lat' dir='ltr'>quod</span> <span class='ocrx_word' id='word_1_144' title='bbox 1592 1182 1740 1221; x_wconf 87' lang='lat' dir='ltr'>Plinius</span> 
     </span>
     <span class='ocr_line' id='line_1_17' title="bbox 229 1246 1742 1297; baseline -0.001 -13"><span class='ocrx_word' id='word_1_145' title='bbox 229 1246 452 1296; x_wconf 86' lang='lat' dir='ltr'>thymosum</span> <span class='ocrx_word' id='word_1_146' title='bbox 494 1248 682 1297; x_wconf 86' lang='lat' dir='ltr'>appellat:</span> <span class='ocrx_word' id='word_1_147' title='bbox 728 1247 948 1295; x_wconf 73' lang='lat' dir='ltr'>‘thymosum</span> <span class='ocrx_word' id='word_1_148' title='bbox 987 1259 1062 1283; x_wconf 76' lang='lat' dir='ltr'>non</span> <span class='ocrx_word' id='word_1_149' title='bbox 1104 1248 1173 1283; x_wconf 84' lang='lat' dir='ltr'>coit</span> <span class='ocrx_word' id='word_1_150' title='bbox 1210 1249 1243 1283; x_wconf 85' lang='lat' dir='ltr'>et</span> <span class='ocrx_word' id='word_1_151' title='bbox 1282 1249 1381 1283; x_wconf 79' lang='lat' dir='ltr'>tactu</span> <span class='ocrx_word' id='word_1_152' title='bbox 1414 1248 1637 1294; x_wconf 74' lang='lat' dir='ltr'>praetenuia</span> <span class='ocrx_word' id='word_1_153' title='bbox 1673 1246 1742 1293; x_wconf 73' lang='lat' dir='ltr'>fila</span> 
     </span>
     <span class='ocr_line' id='line_1_18' title="bbox 228 1309 1742 1359; baseline 0.001 -13"><span class='ocrx_word' id='word_1_154' title='bbox 228 1310 351 1355; x_wconf 86' lang='lat' dir='ltr'>mittit,</span> <span class='ocrx_word' id='word_1_155' title='bbox 381 1309 479 1357; x_wconf 77' lang='lat' dir='ltr'>quod</span> <span class='ocrx_word' id='word_1_156' title='bbox 498 1311 669 1357; x_wconf 75' lang='lat' dir='ltr'>primum</span> <span class='ocrx_word' id='word_1_157' title='bbox 698 1310 874 1348; x_wconf 81' lang='lat' dir='ltr'>bonitatis</span> <span class='ocrx_word' id='word_1_158' title='bbox 901 1312 1163 1359; x_wconf 69' lang='lat' dir='ltr'>aryumentum</span> <span class='ocrx_word' id='word_1_159' title='bbox 1192 1310 1257 1347; x_wconf 78' lang='lat' dir='ltr'>est&#39;</span> <span class='ocrx_word' id='word_1_160' title='bbox 1290 1309 1353 1359; x_wconf 91' lang='lat' dir='ltr'>(N.</span> <span class='ocrx_word' id='word_1_161' title='bbox 1377 1310 1414 1348; x_wconf 94' lang='lat' dir='ltr'>H</span> <span class='ocrx_word' id='word_1_162' title='bbox 1435 1310 1489 1348; x_wconf 89' lang='lat' dir='ltr'>XI</span> <span class='ocrx_word' id='word_1_163' title='bbox 1508 1310 1586 1357; x_wconf 86' lang='lat'><strong>39).</strong></span> <span class='ocrx_word' id='word_1_164' title='bbox 1635 1309 1742 1355; x_wconf 84' lang='lat' dir='ltr'>Quae</span> 
     </span>
     <span class='ocr_line' id='line_1_19' title="bbox 230 1373 1740 1422; baseline -0.001 -13"><span class='ocrx_word' id='word_1_165' title='bbox 230 1374 445 1420; x_wconf 72' lang='lat' dir='ltr'>‘praecipua</span> <span class='ocrx_word' id='word_1_166' title='bbox 479 1374 657 1410; x_wconf 80' lang='lat' dir='ltr'>cellarum</span> <span class='ocrx_word' id='word_1_167' title='bbox 692 1374 864 1410; x_wconf 84' lang='lat' dir='ltr'>materia&#39;</span> <span class='ocrx_word' id='word_1_168' title='bbox 891 1373 957 1422; x_wconf 85' lang='lat' dir='ltr'>(N.</span> <span class='ocrx_word' id='word_1_169' title='bbox 978 1373 1027 1410; x_wconf 90' lang='lat' dir='ltr'>H.</span> <span class='ocrx_word' id='word_1_170' title='bbox 1050 1373 1104 1410; x_wconf 90' lang='lat' dir='ltr'>XI</span> <span class='ocrx_word' id='word_1_171' title='bbox 1123 1374 1190 1421; x_wconf 81' lang='lat'>34)</span> <span class='ocrx_word' id='word_1_172' title='bbox 1222 1374 1351 1410; x_wconf 73' lang='lat' dir='ltr'>‘oculis</span> <span class='ocrx_word' id='word_1_173' title='bbox 1387 1376 1420 1410; x_wconf 89' lang='lat' dir='ltr'>et</span> <span class='ocrx_word' id='word_1_174' title='bbox 1455 1373 1641 1410; x_wconf 80' lang='lat' dir='ltr'>ulceribus</span> <span class='ocrx_word' id='word_1_175' title='bbox 1673 1385 1740 1419; x_wconf 78' lang='lat' dir='ltr'>ap-</span> 
     </span>
     <span class='ocr_line' id='line_1_20' title="bbox 227 1434 1741 1487; baseline 0 -15"><span class='ocrx_word' id='word_1_176' title='bbox 227 1435 391 1473; x_wconf 81' lang='lat' dir='ltr'>tissima&#39;</span> <span class='ocrx_word' id='word_1_177' title='bbox 431 1437 708 1475; x_wconf 87' lang='lat' dir='ltr'>aestimabatur</span> <span class='ocrx_word' id='word_1_178' title='bbox 749 1437 814 1485; x_wconf 88' lang='lat' dir='ltr'>(N.</span> <span class='ocrx_word' id='word_1_179' title='bbox 836 1437 885 1475; x_wconf 89' lang='grc' dir='ltr'>Η.</span> <span class='ocrx_word' id='word_1_180' title='bbox 908 1436 1068 1485; x_wconf 70' lang='lat' dir='ltr'><strong>X138);</strong></span> <span class='ocrx_word' id='word_1_181' title='bbox 1107 1434 1362 1487; x_wconf 84' lang='lat' dir='ltr'>colligebatur</span> <span class='ocrx_word' id='word_1_182' title='bbox 1393 1440 1422 1473; x_wconf 82' lang='lat' dir='ltr'>‘e</span> <span class='ocrx_word' id='word_1_183' title='bbox 1448 1436 1572 1484; x_wconf 71' lang='lat' dir='ltr'>thymo</span> <span class='ocrx_word' id='word_1_184' title='bbox 1608 1436 1741 1473; x_wconf 74' lang='lat' dir='ltr'>eoloris</span> 
     </span>
     <span class='ocr_line' id='line_1_21' title="bbox 229 1498 1739 1549; baseline 0.001 -15"><span class='ocrx_word' id='word_1_185' title='bbox 229 1499 345 1543; x_wconf 87' lang='lat' dir='ltr'>aurei,</span> <span class='ocrx_word' id='word_1_186' title='bbox 375 1500 524 1546; x_wconf 78' lang='lat' dir='ltr'>saporis</span> <span class='ocrx_word' id='word_1_187' title='bbox 549 1500 775 1547; x_wconf 58' lang='lat' dir='ltr'>,qratissimi&#39;</span> <span class='ocrx_word' id='word_1_188' title='bbox 802 1499 915 1548; x_wconf 87' lang='lat' dir='ltr'>(Plin.</span> <span class='ocrx_word' id='word_1_189' title='bbox 945 1500 1059 1544; x_wconf 87' lang='lat' dir='ltr'>ibid.;</span> <span class='ocrx_word' id='word_1_190' title='bbox 1097 1501 1142 1538; x_wconf 90' lang='lat' dir='ltr'>de</span> <span class='ocrx_word' id='word_1_191' title='bbox 1171 1500 1295 1537; x_wconf 86' lang='lat' dir='ltr'>mellis</span> <span class='ocrx_word' id='word_1_192' title='bbox 1324 1499 1489 1549; x_wconf 87' lang='lat' dir='ltr'>thymini</span> <span class='ocrx_word' id='word_1_193' title='bbox 1515 1498 1657 1537; x_wconf 87' lang='lat' dir='ltr'>virtute</span> <span class='ocrx_word' id='word_1_194' title='bbox 1687 1499 1739 1536; x_wconf 90' lang='lat' dir='ltr'>cf.</span> 
     </span>
    </p>
   </div>
   <div class='ocr_carea' id='block_1_5' title="bbox 220 1559 1743 2553">
    <p class='ocr_par' dir='ltr' id='par_1_7' title="bbox 222 1559 1743 1924">
     <span class='ocr_line' id='line_1_22' title="bbox 230 1559 1738 1612; baseline 0 -13"><span class='ocrx_word' id='word_1_195' title='bbox 230 1559 311 1599; x_wconf 87' lang='lat' dir='ltr'>Gal.</span> <span class='ocrx_word' id='word_1_196' title='bbox 331 1560 426 1599; x_wconf 92' lang='lat' dir='ltr'>XIV</span> <span class='ocrx_word' id='word_1_197' title='bbox 445 1562 494 1599; x_wconf 80' lang='lat'>26</span> <span class='ocrx_word' id='word_1_198' title='bbox 515 1565 553 1600; x_wconf 89' lang='lat' dir='ltr'>et</span> <span class='ocrx_word' id='word_1_199' title='bbox 572 1562 649 1611; x_wconf 85' lang='lat'><strong>27).</strong></span> <span class='ocrx_word' id='word_1_200' title='bbox 708 1562 839 1599; x_wconf 77' lang='lat' dir='ltr'>‘Mella</span> <span class='ocrx_word' id='word_1_201' title='bbox 867 1561 1073 1611; x_wconf 78' lang='lat' dir='ltr'>0(d0r)ata’</span> <span class='ocrx_word' id='word_1_202' title='bbox 1101 1562 1156 1600; x_wconf 93' lang='lat' dir='ltr'><strong>IV</strong></span> <span class='ocrx_word' id='word_1_203' title='bbox 1178 1576 1215 1612; x_wconf 91' lang='lat' dir='ltr'>p.</span> <span class='ocrx_word' id='word_1_204' title='bbox 1246 1562 1285 1600; x_wconf 92' lang='lat' dir='ltr'>II</span> <span class='ocrx_word' id='word_1_205' title='bbox 1304 1563 1405 1600; x_wconf 85' lang='lat'>5742</span> <span class='ocrx_word' id='word_1_206' title='bbox 1435 1565 1478 1599; x_wconf 94' lang='lat' dir='ltr'>ut</span> <span class='ocrx_word' id='word_1_207' title='bbox 1507 1561 1596 1600; x_wconf 90' lang='lat' dir='ltr'>vina</span> <span class='ocrx_word' id='word_1_208' title='bbox 1625 1561 1738 1609; x_wconf 89' lang='lat' dir='ltr'>(Plin.</span> 
     </span>
     <span class='ocr_line' id='line_1_23' title="bbox 229 1623 1743 1675; baseline 0 -14"><span class='ocrx_word' id='word_1_209' title='bbox 229 1624 277 1662; x_wconf 89' lang='lat' dir='ltr'>N.</span> <span class='ocrx_word' id='word_1_210' title='bbox 298 1623 348 1661; x_wconf 89' lang='lat' dir='ltr'>H.</span> <span class='ocrx_word' id='word_1_211' title='bbox 368 1623 462 1661; x_wconf 91' lang='lat' dir='ltr'>XIV</span> <span class='ocrx_word' id='word_1_212' title='bbox 481 1625 530 1662; x_wconf 85' lang='lat'>80</span> <span class='ocrx_word' id='word_1_213' title='bbox 558 1624 689 1662; x_wconf 86' lang='lat' dir='ltr'>vinum</span> <span class='ocrx_word' id='word_1_214' title='bbox 719 1625 954 1669; x_wconf 79' lang='lat' dir='ltr'>‘odoratum&#39;;</span> <span class='ocrx_word' id='word_1_215' title='bbox 984 1625 1032 1663; x_wconf 86' lang='lat' dir='ltr'>ef.</span> <span class='ocrx_word' id='word_1_216' title='bbox 1054 1625 1169 1663; x_wconf 87' lang='lat' dir='ltr'>etiam</span> <span class='ocrx_word' id='word_1_217' title='bbox 1191 1625 1278 1662; x_wconf 88' lang='lat' dir='ltr'>Isid.</span> <span class='ocrx_word' id='word_1_218' title='bbox 1300 1624 1396 1675; x_wconf 86' lang='lat' dir='ltr'>orig.</span> <span class='ocrx_word' id='word_1_219' title='bbox 1417 1624 1531 1662; x_wconf 90' lang='lat' dir='ltr'><strong>XVII</strong></span> <span class='ocrx_word' id='word_1_220' title='bbox 1557 1626 1602 1662; x_wconf 92' lang='lat'>11</span> <span class='ocrx_word' id='word_1_221' title='bbox 1636 1624 1743 1661; x_wconf 80' lang='lat' dir='ltr'>olera</span> 
     </span>
     <span class='ocr_line' id='line_1_24' title="bbox 230 1686 1742 1737; baseline 0 -12"><span class='ocrx_word' id='word_1_222' title='bbox 230 1686 405 1734; x_wconf 88' lang='lat' dir='ltr'>odorata)</span> <span class='ocrx_word' id='word_1_223' title='bbox 434 1687 564 1726; x_wconf 88' lang='lat' dir='ltr'>herbis</span> <span class='ocrx_word' id='word_1_224' title='bbox 592 1688 796 1727; x_wconf 87' lang='lat' dir='ltr'>odoriferis</span> <span class='ocrx_word' id='word_1_225' title='bbox 826 1688 979 1727; x_wconf 87' lang='lat' dir='ltr'>condita</span> <span class='ocrx_word' id='word_1_226' title='bbox 1006 1687 1128 1726; x_wconf 81' lang='lat' dir='ltr'>fuisse</span> <span class='ocrx_word' id='word_1_227' title='bbox 1157 1688 1287 1737; x_wconf 88' lang='lat' dir='ltr'>putari</span> <span class='ocrx_word' id='word_1_228' title='bbox 1314 1701 1392 1725; x_wconf 91' lang='lat' dir='ltr'>non</span> <span class='ocrx_word' id='word_1_229' title='bbox 1419 1687 1522 1733; x_wconf 87' lang='lat' dir='ltr'>licet,</span> <span class='ocrx_word' id='word_1_230' title='bbox 1553 1701 1638 1725; x_wconf 90' lang='lat' dir='ltr'>cum</span> <span class='ocrx_word' id='word_1_231' title='bbox 1663 1687 1742 1725; x_wconf 91' lang='lat' dir='ltr'>mel</span> 
     </span>
     <span class='ocr_line' id='line_1_25' title="bbox 228 1749 1743 1798; baseline -0.001 -11"><span class='ocrx_word' id='word_1_232' title='bbox 228 1749 373 1787; x_wconf 90' lang='lat' dir='ltr'>bonum</span> <span class='ocrx_word' id='word_1_233' title='bbox 401 1762 471 1798; x_wconf 85' lang='lat' dir='ltr'>per</span> <span class='ocrx_word' id='word_1_234' title='bbox 498 1763 538 1787; x_wconf 87' lang='lat' dir='ltr'>se</span> <span class='ocrx_word' id='word_1_235' title='bbox 566 1751 768 1788; x_wconf 87' lang='lat' dir='ltr'>odoratum</span> <span class='ocrx_word' id='word_1_236' title='bbox 796 1753 915 1793; x_wconf 78' lang='lat' dir='ltr'>esset3</span> <span class='ocrx_word' id='word_1_237' title='bbox 945 1750 1094 1788; x_wconf 88' lang='lat' dir='ltr'>Plinius</span> <span class='ocrx_word' id='word_1_238' title='bbox 1122 1750 1221 1787; x_wconf 91' lang='lat' dir='ltr'>enim</span> <span class='ocrx_word' id='word_1_239' title='bbox 1252 1749 1346 1787; x_wconf 88' lang='lat' dir='ltr'>dicit</span> <span class='ocrx_word' id='word_1_240' title='bbox 1365 1749 1437 1797; x_wconf 90' lang='lat' dir='ltr'><strong>(XI</strong></span> <span class='ocrx_word' id='word_1_241' title='bbox 1456 1749 1543 1797; x_wconf 82' lang='lat'>39):</span> <span class='ocrx_word' id='word_1_242' title='bbox 1574 1753 1743 1796; x_wconf 77' lang='lat' dir='ltr'>‘sequeus</span> 
     </span>
     <span class='ocr_line' id='line_1_26' title="bbox 222 1811 1742 1863; baseline 0.001 -15"><span class='ocrx_word' id='word_1_243' title='bbox 222 1811 397 1859; x_wconf 75' lang='lat' dir='ltr'>probatio</span> <span class='ocrx_word' id='word_1_244' title='bbox 431 1814 473 1848; x_wconf 90' lang='lat' dir='ltr'>ut</span> <span class='ocrx_word' id='word_1_245' title='bbox 509 1812 559 1849; x_wconf 80' lang='lat' dir='ltr'>sit</span> <span class='ocrx_word' id='word_1_246' title='bbox 594 1811 812 1850; x_wconf 81' lang='lat' dir='ltr'>odoratum&#39;.</span> <span class='ocrx_word' id='word_1_247' title='bbox 868 1813 913 1851; x_wconf 90' lang='lat' dir='ltr'>In</span> <span class='ocrx_word' id='word_1_248' title='bbox 941 1812 1012 1850; x_wconf 90' lang='lat' dir='ltr'>Ed.</span> <span class='ocrx_word' id='word_1_249' title='bbox 1043 1812 1166 1850; x_wconf 87' lang='lat' dir='ltr'>Diocl.</span> <span class='ocrx_word' id='word_1_250' title='bbox 1195 1812 1253 1850; x_wconf 93' lang='lat' dir='ltr'>III</span> <span class='ocrx_word' id='word_1_251' title='bbox 1284 1814 1330 1850; x_wconf 84' lang='lat'>12</span> <span class='ocrx_word' id='word_1_252' title='bbox 1360 1813 1436 1851; x_wconf 90' lang='lat' dir='ltr'>mel</span> <span class='ocrx_word' id='word_1_253' title='bbox 1467 1812 1742 1863; x_wconf 87' lang='lat' dir='ltr'>phoenicinum</span> 
     </span>
     <span class='ocr_line' id='line_1_27' title="bbox 229 1873 816 1924; baseline 0.002 -12"><span class='ocrx_word' id='word_1_254' title='bbox 229 1873 514 1924; x_wconf 89' lang='lat' dir='ltr'>(Dattelhonig)</span> <span class='ocrx_word' id='word_1_255' title='bbox 542 1874 764 1913; x_wconf 86' lang='lat' dir='ltr'>nominatur</span> <span class='ocrx_word' id='word_1_256' title='bbox 774 1875 816 1923; x_wconf 78' lang='grc'>2).</span> 
     </span>
    </p>

    <p class='ocr_par' dir='ltr' id='par_1_8' title="bbox 220 1936 1742 2423">
     <span class='ocr_line' id='line_1_28' title="bbox 332 1936 1738 1986; baseline -0.001 -11"><span class='ocrx_word' id='word_1_257' title='bbox 332 1936 570 1986; x_wconf 87' lang='lat' dir='ltr'>Quamquam</span> <span class='ocrx_word' id='word_1_258' title='bbox 599 1937 714 1975; x_wconf 88' lang='lat' dir='ltr'>etiam</span> <span class='ocrx_word' id='word_1_259' title='bbox 743 1939 796 1975; x_wconf 78' lang='lat' dir='ltr'>‘in</span> <span class='ocrx_word' id='word_1_260' title='bbox 822 1939 923 1975; x_wconf 76' lang='lat' dir='ltr'>omni</span> <span class='ocrx_word' id='word_1_261' title='bbox 949 1938 1054 1975; x_wconf 79' lang='lat' dir='ltr'>melle</span> <span class='ocrx_word' id='word_1_262' title='bbox 1082 1938 1179 1985; x_wconf 80' lang='lat' dir='ltr'>quod</span> <span class='ocrx_word' id='word_1_263' title='bbox 1191 1950 1262 1985; x_wconf 78' lang='lat' dir='ltr'>per</span> <span class='ocrx_word' id='word_1_264' title='bbox 1288 1950 1327 1975; x_wconf 81' lang='lat' dir='ltr'>se</span> <span class='ocrx_word' id='word_1_265' title='bbox 1354 1937 1476 1984; x_wconf 74' lang='lat' dir='ltr'>fluxit,</span> <span class='ocrx_word' id='word_1_266' title='bbox 1506 1940 1547 1974; x_wconf 88' lang='lat' dir='ltr'>ut</span> <span class='ocrx_word' id='word_1_267' title='bbox 1572 1941 1738 1975; x_wconf 82' lang='lat' dir='ltr'>mustum</span> 
     </span>
     <span class='ocr_line' id='line_1_29' title="bbox 228 1999 1739 2050; baseline 0.001 -15"><span class='ocrx_word' id='word_1_268' title='bbox 228 1999 416 2046; x_wconf 81' lang='lat' dir='ltr'>oleumque</span> <span class='ocrx_word' id='word_1_269' title='bbox 434 2029 441 2037; x_wconf 91' lang='lat'><strong>.</strong></span> <span class='ocrx_word' id='word_1_270' title='bbox 465 2029 473 2036; x_wconf 92' lang='lat'><strong>.</strong></span> <span class='ocrx_word' id='word_1_271' title='bbox 495 2029 503 2036; x_wconf 95' lang='lat'><strong>.</strong></span> <span class='ocrx_word' id='word_1_272' title='bbox 524 2000 680 2035; x_wconf 80' lang='lat' dir='ltr'>acetum&#39;</span> <span class='ocrx_word' id='word_1_273' title='bbox 706 2001 974 2050; x_wconf 86' lang='lat' dir='ltr'>appellabatur</span> <span class='ocrx_word' id='word_1_274' title='bbox 993 2000 1107 2048; x_wconf 88' lang='lat' dir='ltr'>(Plin.</span> <span class='ocrx_word' id='word_1_275' title='bbox 1129 2000 1177 2038; x_wconf 92' lang='lat' dir='ltr'>N.</span> <span class='ocrx_word' id='word_1_276' title='bbox 1200 2000 1249 2037; x_wconf 92' lang='lat' dir='ltr'>H.</span> <span class='ocrx_word' id='word_1_277' title='bbox 1270 2000 1324 2037; x_wconf 89' lang='lat' dir='ltr'>XI</span> <span class='ocrx_word' id='word_1_278' title='bbox 1343 2001 1404 2044; x_wconf 87' lang='lat'>38,</span> <span class='ocrx_word' id='word_1_279' title='bbox 1427 2000 1475 2037; x_wconf 80' lang='lat' dir='ltr'>cf.</span> <span class='ocrx_word' id='word_1_280' title='bbox 1493 2001 1610 2038; x_wconf 87' lang='lat' dir='ltr'>etiam</span> <span class='ocrx_word' id='word_1_281' title='bbox 1627 2000 1739 2049; x_wconf 74' lang='lat' dir='ltr'>Apio.</span> 
     </span>
     <span class='ocr_line' id='line_1_30' title="bbox 228 2060 1738 2111; baseline -0.001 -11"><span class='ocrx_word' id='word_1_282' title='bbox 228 2061 286 2100; x_wconf 93' lang='lat' dir='ltr'>III</span> <span class='ocrx_word' id='word_1_283' title='bbox 313 2062 362 2100; x_wconf 87' lang='grc'>69</span> <span class='ocrx_word' id='word_1_284' title='bbox 392 2064 430 2100; x_wconf 91' lang='lat' dir='ltr'>et</span> <span class='ocrx_word' id='word_1_285' title='bbox 457 2062 512 2100; x_wconf 94' lang='lat' dir='ltr'><strong>VI</strong></span> <span class='ocrx_word' id='word_1_286' title='bbox 539 2060 643 2111; x_wconf 86' lang='lat'>257),</span> <span class='ocrx_word' id='word_1_287' title='bbox 672 2065 801 2101; x_wconf 84' lang='lat' dir='ltr'>tamen</span> <span class='ocrx_word' id='word_1_288' title='bbox 830 2062 1040 2110; x_wconf 50' lang='lat' dir='ltr'>‘acetrum</span> <span class='ocrx_word' id='word_1_289' title='bbox 1052 2063 1128 2110; x_wconf 88' lang='lat' dir='ltr'>m)’</span> <span class='ocrx_word' id='word_1_290' title='bbox 1167 2062 1261 2101; x_wconf 91' lang='lat' dir='ltr'><strong>VIII</strong></span> <span class='ocrx_word' id='word_1_291' title='bbox 1281 2062 1317 2102; x_wconf 83' lang='lat' dir='ltr'>S.</span> <span class='ocrx_word' id='word_1_292' title='bbox 1338 2061 1395 2100; x_wconf 93' lang='lat' dir='ltr'>III</span> <span class='ocrx_word' id='word_1_293' title='bbox 1422 2062 1563 2107; x_wconf 75' lang='lat'>22640,</span> <span class='ocrx_word' id='word_1_294' title='bbox 1578 2063 1628 2100; x_wconf 83' lang='lat'>46</span> <span class='ocrx_word' id='word_1_295' title='bbox 1657 2062 1738 2100; x_wconf 87' lang='lat' dir='ltr'>sine</span> 
     </span>
     <span class='ocr_line' id='line_1_31' title="bbox 230 2125 1739 2175; baseline 0 -13"><span class='ocrx_word' id='word_1_296' title='bbox 230 2125 346 2162; x_wconf 89' lang='lat' dir='ltr'>dubio</span> <span class='ocrx_word' id='word_1_297' title='bbox 374 2125 601 2174; x_wconf 87' lang='lat' dir='ltr'>plerumque</span> <span class='ocrx_word' id='word_1_298' title='bbox 637 2126 675 2163; x_wconf 91' lang='lat' dir='ltr'>id</span> <span class='ocrx_word' id='word_1_299' title='bbox 704 2128 786 2163; x_wconf 89' lang='lat' dir='ltr'>erat</span> <span class='ocrx_word' id='word_1_300' title='bbox 822 2127 921 2175; x_wconf 92' lang='lat' dir='ltr'>quod</span> <span class='ocrx_word' id='word_1_301' title='bbox 958 2126 1075 2164; x_wconf 85' lang='lat' dir='ltr'>variis</span> <span class='ocrx_word' id='word_1_302' title='bbox 1113 2140 1158 2164; x_wconf 82' lang='lat' dir='ltr'>ex</span> <span class='ocrx_word' id='word_1_303' title='bbox 1193 2126 1384 2163; x_wconf 83' lang='lat' dir='ltr'>fructibus</span> <span class='ocrx_word' id='word_1_304' title='bbox 1418 2125 1739 2163; x_wconf 88' lang='lat' dir='ltr'>fermentantibus</span> 
     </span>
     <span class='ocr_line' id='line_1_32' title="bbox 227 2186 1742 2239; baseline 0.001 -14"><span class='ocrx_word' id='word_1_305' title='bbox 227 2187 390 2226; x_wconf 85' lang='lat' dir='ltr'>maxime</span> <span class='ocrx_word' id='word_1_306' title='bbox 409 2190 536 2235; x_wconf 85' lang='lat' dir='ltr'>autem</span> <span class='ocrx_word' id='word_1_307' title='bbox 564 2188 648 2227; x_wconf 89' lang='lat' dir='ltr'>uvis</span> <span class='ocrx_word' id='word_1_308' title='bbox 677 2188 949 2227; x_wconf 89' lang='lat' dir='ltr'>conficiebatur</span> <span class='ocrx_word' id='word_1_309' title='bbox 975 2188 1231 2239; x_wconf 81' lang='lat' dir='ltr'>(Weinessig;</span> <span class='ocrx_word' id='word_1_310' title='bbox 1261 2188 1306 2226; x_wconf 91' lang='lat' dir='ltr'>de</span> <span class='ocrx_word' id='word_1_311' title='bbox 1336 2187 1562 2226; x_wconf 87' lang='lat' dir='ltr'>conficiendi</span> <span class='ocrx_word' id='word_1_312' title='bbox 1588 2186 1742 2226; x_wconf 75' lang='lat' dir='ltr'>ratione</span> 
     </span>
     <span class='ocr_line' id='line_1_33' title="bbox 229 2250 1741 2301; baseline 0.001 -13"><span class='ocrx_word' id='word_1_313' title='bbox 229 2251 277 2288; x_wconf 89' lang='lat' dir='ltr'>cf.</span> <span class='ocrx_word' id='word_1_314' title='bbox 299 2250 446 2289; x_wconf 86' lang='lat' dir='ltr'>Colum.</span> <span class='ocrx_word' id='word_1_315' title='bbox 468 2251 542 2290; x_wconf 91' lang='lat' dir='ltr'>XII</span> <span class='ocrx_word' id='word_1_316' title='bbox 561 2254 604 2296; x_wconf 86' lang='lat'>5;</span> <span class='ocrx_word' id='word_1_317' title='bbox 626 2252 721 2291; x_wconf 86' lang='lat' dir='ltr'>Cato</span> <span class='ocrx_word' id='word_1_318' title='bbox 745 2253 830 2298; x_wconf 81' lang='lat'>104,</span> <span class='ocrx_word' id='word_1_319' title='bbox 845 2253 898 2298; x_wconf 87' lang='lat'>2).</span> <span class='ocrx_word' id='word_1_320' title='bbox 937 2252 1065 2291; x_wconf 83' lang='lat' dir='ltr'>Genus</span> <span class='ocrx_word' id='word_1_321' title='bbox 1094 2253 1166 2290; x_wconf 90' lang='lat' dir='ltr'>vile</span> <span class='ocrx_word' id='word_1_322' title='bbox 1194 2251 1381 2290; x_wconf 91' lang='lat' dir='ltr'>eiusmodi</span> <span class='ocrx_word' id='word_1_323' title='bbox 1416 2264 1462 2288; x_wconf 86' lang='lat' dir='ltr'>ex</span> <span class='ocrx_word' id='word_1_324' title='bbox 1490 2250 1671 2301; x_wconf 69' lang='lat' dir='ltr'>Aegypto</span> <span class='ocrx_word' id='word_1_325' title='bbox 1699 2250 1741 2289; x_wconf 92' lang='lat' dir='ltr'>in</span> 
     </span>
     <span class='ocr_line' id='line_1_34' title="bbox 226 2312 1741 2364; baseline -0.001 -13"><span class='ocrx_word' id='word_1_326' title='bbox 226 2312 382 2351; x_wconf 89' lang='lat' dir='ltr'>Italiam</span> <span class='ocrx_word' id='word_1_327' title='bbox 418 2314 712 2364; x_wconf 89' lang='lat' dir='ltr'>importabatur,</span> <span class='ocrx_word' id='word_1_328' title='bbox 749 2330 837 2354; x_wconf 88' lang='lat' dir='ltr'>nam</span> <span class='ocrx_word' id='word_1_329' title='bbox 874 2315 1063 2353; x_wconf 86' lang='lat' dir='ltr'>Martialis</span> <span class='ocrx_word' id='word_1_330' title='bbox 1100 2315 1282 2353; x_wconf 85' lang='lat' dir='ltr'>admonet</span> <span class='ocrx_word' id='word_1_331' title='bbox 1322 2313 1431 2360; x_wconf 90' lang='lat' dir='ltr'><strong>(XIII</strong></span> <span class='ocrx_word' id='word_1_332' title='bbox 1459 2313 1618 2362; x_wconf 69' lang='lat' dir='ltr'>12z,1):</span> <span class='ocrx_word' id='word_1_333' title='bbox 1649 2316 1741 2350; x_wconf 85' lang='lat' dir='ltr'>‘am-</span> 
     </span>
     <span class='ocr_line' id='line_1_35' title="bbox 220 2375 1048 2423; baseline 0.004 -11"><span class='ocrx_word' id='word_1_334' title='bbox 220 2375 346 2423; x_wconf 76' lang='lat' dir='ltr'>phora</span> <span class='ocrx_word' id='word_1_335' title='bbox 373 2376 518 2414; x_wconf 76' lang='lat' dir='ltr'>Niliaci</span> <span class='ocrx_word' id='word_1_336' title='bbox 545 2390 620 2415; x_wconf 70' lang='lat' dir='ltr'>reon</span> <span class='ocrx_word' id='word_1_337' title='bbox 647 2379 697 2415; x_wconf 80' lang='lat' dir='ltr'>sit</span> <span class='ocrx_word' id='word_1_338' title='bbox 722 2378 790 2415; x_wconf 86' lang='lat' dir='ltr'>tibi</span> <span class='ocrx_word' id='word_1_339' title='bbox 817 2379 904 2415; x_wconf 83' lang='lat' dir='ltr'>vilis</span> <span class='ocrx_word' id='word_1_340' title='bbox 932 2377 1048 2415; x_wconf 85' lang='lat' dir='ltr'>aceti&#39;.</span> 
     </span>
    </p>

    <p class='ocr_par' dir='ltr' id='par_1_9' title="bbox 227 2438 1741 2553">
     <span class='ocr_line' id='line_1_36' title="bbox 336 2438 1741 2491; baseline -0.001 -14"><span class='ocrx_word' id='word_1_341' title='bbox 336 2438 368 2477; x_wconf 94' lang='grc' dir='ltr'>Ο</span> <span class='ocrx_word' id='word_1_342' title='bbox 383 2439 397 2477; x_wconf 96' lang='lat' dir='ltr'>l</span> <span class='ocrx_word' id='word_1_343' title='bbox 412 2439 459 2478; x_wconf 90' lang='lat' dir='ltr'>ei</span> <span class='ocrx_word' id='word_1_344' title='bbox 487 2453 639 2490; x_wconf 90' lang='lat' dir='ltr'>quoque</span> <span class='ocrx_word' id='word_1_345' title='bbox 666 2454 757 2478; x_wconf 87' lang='lat' dir='ltr'>usus</span> <span class='ocrx_word' id='word_1_346' title='bbox 776 2441 965 2479; x_wconf 82' lang='lat' dir='ltr'>maximus</span> <span class='ocrx_word' id='word_1_347' title='bbox 985 2443 1079 2486; x_wconf 87' lang='lat' dir='ltr'>erat,</span> <span class='ocrx_word' id='word_1_348' title='bbox 1109 2454 1195 2479; x_wconf 90' lang='lat' dir='ltr'>cum</span> <span class='ocrx_word' id='word_1_349' title='bbox 1223 2440 1374 2491; x_wconf 88' lang='lat' dir='ltr'>antiqui</span> <span class='ocrx_word' id='word_1_350' title='bbox 1397 2440 1538 2489; x_wconf 90' lang='lat' dir='ltr'>butyro</span> <span class='ocrx_word' id='word_1_351' title='bbox 1558 2451 1634 2476; x_wconf 93' lang='lat' dir='ltr'>non</span> <span class='ocrx_word' id='word_1_352' title='bbox 1655 2442 1741 2476; x_wconf 90' lang='lat' dir='ltr'>ute-</span> 
     </span>
     <span class='ocr_line' id='line_1_37' title="bbox 227 2498 1741 2553; baseline -0.001 -14"><span class='ocrx_word' id='word_1_353' title='bbox 227 2504 371 2546; x_wconf 87' lang='lat' dir='ltr'>rentur,</span> <span class='ocrx_word' id='word_1_354' title='bbox 410 2504 447 2540; x_wconf 92' lang='lat' dir='ltr'>et</span> <span class='ocrx_word' id='word_1_355' title='bbox 485 2516 571 2540; x_wconf 90' lang='lat' dir='ltr'>cum</span> <span class='ocrx_word' id='word_1_356' title='bbox 606 2516 748 2553; x_wconf 87' lang='lat' dir='ltr'>magna</span> <span class='ocrx_word' id='word_1_357' title='bbox 770 2498 887 2553; x_wconf 42' lang='lat' dir='ltr'>‘copia</span> <span class='ocrx_word' id='word_1_358' title='bbox 918 2503 958 2541; x_wconf 90' lang='lat' dir='ltr'>in</span> <span class='ocrx_word' id='word_1_359' title='bbox 987 2504 1133 2541; x_wconf 89' lang='lat' dir='ltr'>balneis</span> <span class='ocrx_word' id='word_1_360' title='bbox 1162 2506 1200 2542; x_wconf 90' lang='lat' dir='ltr'>et</span> <span class='ocrx_word' id='word_1_361' title='bbox 1234 2503 1402 2541; x_wconf 88' lang='lat' dir='ltr'>lucernis</span> <span class='ocrx_word' id='word_1_362' title='bbox 1437 2504 1741 2540; x_wconf 84' lang='lat' dir='ltr'>consumeretur.</span> 
     </span>
    </p>
   </div>
   <div class='ocr_carea' id='block_1_6' title="bbox 226 2573 478 2580">
    <p class='ocr_par' dir='ltr' id='par_1_10' title="bbox 226 2573 478 2580">
     <span class='ocr_line' id='line_1_38' title="bbox 226 2573 478 2580; baseline 0 0"><span class='ocrx_word' id='word_1_363' title='bbox 226 2573 478 2580; x_wconf 95' lang='lat' dir='ltr'> </span> 
     </span>
    </p>
   </div>
   <div class='ocr_carea' id='block_1_7' title="bbox 226 2599 1742 2800">
    <p class='ocr_par' dir='ltr' id='par_1_11' title="bbox 226 2599 1742 2745">
     <span class='ocr_line' id='line_1_39' title="bbox 313 2599 1740 2641; baseline 0 -11"><span class='ocrx_word' id='word_1_364' title='bbox 313 2599 344 2640; x_wconf 97' lang='grc'>1)</span> <span class='ocrx_word' id='word_1_365' title='bbox 368 2599 416 2631; x_wconf 85' lang='lat' dir='ltr'>Of.</span> <span class='ocrx_word' id='word_1_366' title='bbox 439 2599 618 2632; x_wconf 82' lang='lat' dir='ltr'>Archaeol.</span> <span class='ocrx_word' id='word_1_367' title='bbox 640 2601 722 2632; x_wconf 87' lang='lat' dir='ltr'>Anz.</span> <span class='ocrx_word' id='word_1_368' title='bbox 746 2600 853 2632; x_wconf 90' lang='lat' dir='ltr'>Beibl.</span> <span class='ocrx_word' id='word_1_369' title='bbox 879 2601 960 2632; x_wconf 88' lang='grc'>1909</span> <span class='ocrx_word' id='word_1_370' title='bbox 989 2611 1021 2641; x_wconf 92' lang='lat' dir='ltr'>p.</span> <span class='ocrx_word' id='word_1_371' title='bbox 1047 2601 1128 2632; x_wconf 84' lang='lat'><strong>364:</strong></span> <span class='ocrx_word' id='word_1_372' title='bbox 1159 2600 1203 2632; x_wconf 93' lang='lat' dir='ltr'>Zu</span> <span class='ocrx_word' id='word_1_373' title='bbox 1229 2601 1335 2632; x_wconf 80' lang='lat' dir='ltr'>Gezer</span> <span class='ocrx_word' id='word_1_374' title='bbox 1357 2599 1579 2640; x_wconf 84' lang='lat' dir='ltr'>(Palaestina)</span> <span class='ocrx_word' id='word_1_375' title='bbox 1601 2599 1740 2631; x_wconf 88' lang='lat' dir='ltr'>wurden</span> 
     </span>
     <span class='ocr_line' id='line_1_40' title="bbox 227 2643 1742 2693; baseline -0.001 -11"><span class='ocrx_word' id='word_1_376' title='bbox 227 2651 265 2683; x_wconf 86' lang='lat' dir='ltr'>in</span> <span class='ocrx_word' id='word_1_377' title='bbox 289 2651 355 2683; x_wconf 86' lang='lat' dir='ltr'>den</span> <span class='ocrx_word' id='word_1_378' title='bbox 370 2651 647 2692; x_wconf 85' lang='lat' dir='ltr'>Kornspeichern</span> <span class='ocrx_word' id='word_1_379' title='bbox 670 2652 862 2684; x_wconf 85' lang='lat' dir='ltr'>zahlreiche</span> <span class='ocrx_word' id='word_1_380' title='bbox 874 2652 1055 2693; x_wconf 79' lang='lat' dir='ltr'>Tonkriige</span> <span class='ocrx_word' id='word_1_381' title='bbox 1077 2652 1140 2684; x_wconf 91' lang='lat' dir='ltr'>mit</span> <span class='ocrx_word' id='word_1_382' title='bbox 1161 2652 1254 2684; x_wconf 88' lang='lat' dir='ltr'>Korn</span> <span class='ocrx_word' id='word_1_383' title='bbox 1277 2652 1450 2693; x_wconf 86' lang='lat' dir='ltr'>gefunden</span> <span class='ocrx_word' id='word_1_384' title='bbox 1474 2661 1534 2683; x_wconf 79' lang='lat' dir='ltr'>aus</span> <span class='ocrx_word' id='word_1_385' title='bbox 1557 2643 1622 2682; x_wconf 64' lang='lat' dir='ltr'>der&gt;</span> <span class='ocrx_word' id='word_1_386' title='bbox 1637 2651 1742 2682; x_wconf 85' lang='lat' dir='ltr'>kana-</span> 
     </span>
     <span class='ocr_line' id='line_1_41' title="bbox 226 2702 714 2745; baseline 0.004 -10"><span class='ocrx_word' id='word_1_387' title='bbox 226 2702 609 2745; x_wconf 72' lang='lat' dir='ltr'>nitisch-voriiidisehen</span> <span class='ocrx_word' id='word_1_388' title='bbox 631 2703 714 2737; x_wconf 91' lang='lat' dir='ltr'>Zeit.</span> 
     </span>
    </p>

    <p class='ocr_par' dir='ltr' id='par_1_12' title="bbox 313 2756 1742 2800">
     <span class='ocr_line' id='line_1_42' title="bbox 313 2756 1742 2800; baseline -0.001 -12"><span class='ocrx_word' id='word_1_389' title='bbox 313 2756 345 2797; x_wconf 83' lang='lat'>2)</span> <span class='ocrx_word' id='word_1_390' title='bbox 367 2756 417 2789; x_wconf 91' lang='lat' dir='ltr'>De</span> <span class='ocrx_word' id='word_1_391' title='bbox 440 2757 573 2789; x_wconf 83' lang='lat' dir='ltr'>cultura</span> <span class='ocrx_word' id='word_1_392' title='bbox 594 2756 705 2790; x_wconf 87' lang='lat' dir='ltr'>mellis</span> <span class='ocrx_word' id='word_1_393' title='bbox 731 2758 774 2790; x_wconf 88' lang='lat' dir='ltr'>cf.</span> <span class='ocrx_word' id='word_1_394' title='bbox 796 2757 1017 2800; x_wconf 82' lang='lat' dir='ltr'>Magerstedt,</span> <span class='ocrx_word' id='word_1_395' title='bbox 1042 2758 1158 2790; x_wconf 85' lang='lat' dir='ltr'>Bilder</span> <span class='ocrx_word' id='word_1_396' title='bbox 1181 2768 1241 2790; x_wconf 81' lang='lat' dir='ltr'>aus</span> <span class='ocrx_word' id='word_1_397' title='bbox 1258 2758 1319 2790; x_wconf 91' lang='lat' dir='ltr'>der</span> <span class='ocrx_word' id='word_1_398' title='bbox 1341 2761 1425 2791; x_wconf 71' lang='lat' dir='ltr'>rom.</span> <span class='ocrx_word' id='word_1_399' title='bbox 1441 2757 1742 2789; x_wconf 79' lang='lat' dir='ltr'>Landwirtschaft.</span> 
     </span>
    </p>
   </div>
  </div>
 </body>
</html>
